,id,date,bedrooms,bathrooms,living_area,lot_area,floors,waterfront,views,condition,grade,house_area,basement_area,year_built,year_renovated,post_code,lattitude,longitude,living_area_renov,lot_area_renov,schools,airport_distance,price
0,6762810635,42491,4,2.5,2920,4000,1.5,0,0,5,8,1910,1010,1909,0,122004,52.8878,-114.47,2470,4000,2,51,1400000
1,6762810998,42491,5,2.75,2910,9480,1.5,0,0,3,8,2910,0,1939,0,122004,52.8852,-114.468,2940,6600,1,53,1200000
2,6762812605,42491,4,2.5,3310,42998,2.0,0,0,3,9,3310,0,2001,0,122005,52.9532,-114.321,3350,42847,3,76,838000
3,6762812919,42491,3,2.0,2710,4500,1.5,0,0,4,8,1880,830,1929,0,122006,52.9047,-114.485,2060,4500,1,51,805000
4,6762813105,42491,3,2.5,2600,4750,1.0,0,0,4,9,1700,900,1951,0,122007,52.9133,-114.59,2380,4750,1,67,790000
5,6762813157,42491,5,3.25,3660,11995,2.0,0,2,3,10,3660,0,2006,0,122008,52.7637,-114.05,3320,11241,3,72,785000
6,6762813599,42491,3,1.75,2240,10578,2.0,0,0,5,8,1550,690,1923,0,122006,52.9254,-114.482,1570,10578,3,71,750000
7,6762813600,42491,3,2.5,2390,6550,1.0,0,2,4,8,1440,950,1955,0,122009,52.8014,-114.598,2010,6550,1,73,750000
8,6762814461,42491,4,2.25,2200,11250,1.5,0,0,5,7,1300,900,1920,0,122010,52.9145,-114.391,2320,10814,2,53,698000
9,6762814787,42491,5,2.5,2820,67518,2.0,0,0,3,8,2820,0,1979,0,122011,52.8094,-114.215,2820,48351,2,51,675000
10,6762815225,42491,4,2.0,1820,5000,1.5,0,1,3,7,1640,180,1945,0,122006,52.9115,-114.459,2060,5000,2,69,650000
11,6762815461,42491,4,2.0,1520,6200,1.5,0,0,3,7,1520,0,1945,0,122006,52.908,-114.459,1910,6200,3,80,640000
12,6762815654,42491,4,2.75,2710,37277,2.0,0,0,3,9,2710,0,2000,0,122012,52.6934,-114.177,2390,39299,1,74,630000
13,6762815737,42491,3,2.25,1750,1572,2.5,0,0,3,9,1470,280,2005,0,122013,52.8798,-114.511,2410,3050,3,51,626000
14,6762815748,42491,4,2.5,2820,8408,2.0,0,0,3,9,2820,0,2014,0,122014,52.9838,-114.515,1300,8408,3,55,625000
15,6762815749,42491,4,3.25,2730,54014,1.0,0,0,3,9,1560,1170,2007,0,122015,52.7433,-114.3,2730,111274,1,70,625000
16,6762815986,42491,3,1.75,2360,7291,1.0,0,0,4,8,1360,1000,1948,0,122016,52.7574,-114.574,1860,5499,2,75,615000
17,6762816059,42491,4,2.5,2730,12261,2.0,0,0,3,9,2730,0,1991,0,122017,52.9719,-114.395,2730,10872,2,70,612500
18,6762816236,42491,3,2.5,3240,33151,2.0,0,2,3,10,3240,0,1995,0,122018,52.5556,-114.568,4050,24967,1,71,604000
19,6762816633,42491,3,1.75,2330,14892,1.0,0,0,3,8,1970,360,1980,0,122019,52.8567,-114.236,2570,14217,1,60,588500
20,6762817449,42491,4,2.5,3310,6500,2.0,0,0,3,8,3310,0,2012,0,122008,52.745,-114.06,2380,5000,2,80,555000
21,6762817570,42491,4,2.5,1940,10500,1.0,0,0,4,7,1140,800,1976,0,122005,52.913,-114.304,2200,10500,1,58,550000
22,6762817571,42491,3,1.75,2910,35200,1.5,0,0,3,8,2910,0,1979,0,122020,52.8047,-114.225,2590,37500,3,50,550000
23,6762819227,42491,4,2.5,2860,3345,2.0,0,0,3,8,2190,670,2004,0,122021,53.0035,-114.348,2860,3596,3,73,499950
24,6762819342,42491,4,1.75,1600,6380,1.0,0,0,3,8,1130,470,1959,0,122022,52.931,-114.496,1090,6380,3,50,495000
25,6762819448,42491,4,1.75,2190,125452,1.0,0,2,3,9,2190,0,1968,0,122023,52.5003,-114.259,3000,125017,3,64,491500
26,6762819463,42491,2,1.0,880,6380,1.0,0,0,3,7,880,0,1938,1994,122006,52.9224,-114.512,1340,6380,3,66,490000
27,6762819732,42491,4,2.5,2710,35868,2.0,0,0,3,9,2710,0,1989,0,122024,52.605,-114.212,2780,36224,3,71,482000
28,6762820114,42491,5,2.5,2210,9655,1.0,0,0,3,8,1460,750,1976,0,122017,52.9998,-114.412,2080,8633,3,79,470000
29,6762820382,42491,3,1.75,1710,7320,1.0,0,0,3,7,1710,0,1948,0,122014,52.9812,-114.471,2260,8839,1,72,463000
30,6762820510,42491,3,2.5,2680,5539,2.0,0,0,3,8,2680,0,2013,0,122025,52.7061,-113.924,2990,6037,2,74,459990
31,6762820718,42491,3,2.5,2430,88426,1.0,0,0,4,7,1570,860,1985,0,122025,52.7128,-113.908,1560,56827,3,78,452500
32,6762821047,42491,3,2.5,1270,1180,3.0,0,0,3,8,1270,0,2001,0,122026,52.8997,-114.582,1320,1180,3,61,445700
33,6762821205,42491,4,2.25,2160,8119,1.0,0,0,3,8,1080,1080,1966,0,122027,52.7743,-114.367,1850,9000,2,52,440000
34,6762821206,42491,2,1.0,800,4850,1.0,0,0,4,7,800,0,1944,0,122026,52.8939,-114.554,1150,4365,2,60,440000
35,6762821318,42491,3,2.5,1770,2875,2.0,0,0,3,8,1770,0,1990,0,122009,52.7931,-114.587,1770,3833,3,68,439950
36,6762821390,42491,3,2.25,1970,35100,2.0,0,0,4,9,1970,0,1977,0,122012,52.6935,-114.181,2340,35100,2,70,437500
37,6762821424,42491,3,2.5,1770,1235,3.0,0,0,3,8,1600,170,2007,0,122028,52.9265,-114.532,1680,1203,3,52,436110
38,6762821444,42491,4,1.0,1450,8800,1.0,0,0,4,7,1450,0,1954,0,122027,52.8046,-114.325,1260,8942,2,62,435000
39,6762821632,42491,4,1.5,1920,10000,1.0,0,0,4,7,1070,850,1954,0,122027,52.8025,-114.323,1450,10836,2,64,430000
40,6762822054,42491,3,2.25,2000,8030,1.0,0,0,4,8,1000,1000,1963,0,122029,52.8488,-114.304,2070,8250,1,61,420000
41,6762822175,42491,3,1.5,1570,6700,1.0,0,0,4,7,1570,0,1956,0,122030,52.8322,-114.324,1570,7300,3,78,419000
42,6762822578,42491,3,2.5,1930,10460,2.0,0,0,3,8,1930,0,1996,0,122015,52.7238,-114.351,2290,8228,1,63,407500
43,6762822721,42491,3,2.0,1960,13100,1.0,0,2,5,8,1650,310,1957,0,122031,52.6719,-114.53,1960,10518,3,72,403000
44,6762822791,42491,4,2.5,3630,42884,1.5,0,0,3,9,2300,1330,1979,0,122023,52.4917,-114.38,2830,80148,1,80,400000
45,6762823455,42491,3,3.25,1320,1327,2.0,0,0,3,8,1040,280,2008,0,122032,52.8806,-114.573,1440,1263,2,51,385000
46,6762823582,42491,4,1.75,1560,8700,1.0,0,0,4,7,1560,0,1967,0,122033,52.9574,-114.371,2080,8000,3,74,382500
47,6762824201,42491,4,3.0,3110,7231,2.0,0,0,3,8,3110,0,1997,0,122023,52.5579,-114.381,2820,7311,3,66,367500
48,6762824245,42491,3,1.0,1090,6435,1.0,0,0,4,7,1090,0,1955,0,122034,52.7634,-114.555,1340,6435,3,80,365000
49,6762825272,42491,3,2.0,1930,11947,1.0,0,0,4,8,1930,0,1966,0,122035,52.5972,-114.341,2200,12825,2,66,342000
50,6762825549,42491,2,2.0,1350,2560,1.0,0,0,3,8,1350,0,1976,0,122005,52.8644,-114.297,1790,2560,1,77,335000
51,6762825550,42491,3,2.25,1580,16215,1.0,0,0,4,7,1580,0,1978,0,122036,52.7943,-114.087,1450,16215,3,56,335000
52,6762826461,42491,3,1.0,1160,9180,1.0,0,0,3,7,1160,0,1968,0,122037,52.9727,-114.262,1160,10282,1,52,315000
53,6762826606,42491,3,1.5,1340,7912,1.5,0,0,3,7,1340,0,1955,0,122038,52.9958,-114.529,1480,7940,3,65,313000
54,6762826811,42491,2,1.0,850,6174,1.0,0,0,4,7,850,0,1950,0,122014,52.9652,-114.518,1100,6174,1,60,308500
55,6762827056,42491,3,2.5,2540,5050,2.0,0,0,3,7,2540,0,2006,0,122035,52.5658,-114.245,2280,5050,2,64,300000
56,6762827347,42491,2,2.5,1630,1368,2.0,0,0,3,7,1280,350,2009,0,122034,52.7789,-114.553,1590,2306,1,74,295000
57,6762827693,42491,3,3.0,1850,19966,1.0,0,0,4,7,1090,760,1992,0,122024,52.5793,-114.224,1410,6715,2,58,287200
58,6762827749,42491,4,2.5,2200,9397,2.0,0,0,3,8,2200,0,1987,0,122039,52.5706,-114.459,2310,9176,3,80,285000
59,6762827750,42491,3,2.5,2090,10834,1.0,0,0,4,8,1360,730,1987,0,122040,52.5837,-114.493,1750,8595,2,56,285000
60,6762827836,42491,3,1.75,1800,23103,1.0,0,0,3,7,1800,0,1968,0,122041,52.8817,-114.096,1410,18163,3,62,284000
61,6762828162,42491,3,1.5,1180,10277,1.0,0,0,3,6,1180,0,1983,0,122025,52.718,-113.977,1680,11104,3,78,275000
62,6762828790,42491,4,2.0,1480,8625,1.0,0,0,4,7,1480,0,1974,0,122042,52.692,-114.383,2130,8502,1,60,260000
63,6762828945,42491,3,1.75,1370,5858,1.0,0,0,3,7,1370,0,1987,0,122043,52.6115,-114.503,1400,7500,3,56,257950
64,6762829578,42491,3,1.5,1200,9720,1.0,0,0,4,7,1200,0,1965,0,122035,52.6525,-114.343,1380,10284,3,77,242500
65,6762829789,42491,2,1.0,1210,9400,1.0,0,0,2,6,1210,0,1949,0,122034,52.7642,-114.55,1580,6026,3,73,235000
66,6762815750,42492,4,2.75,2920,6605,2.0,0,0,3,8,2920,0,2012,0,122015,52.7209,-114.334,3030,6605,1,62,625000
67,6762817521,42492,2,1.0,900,5000,1.0,0,0,3,7,900,0,1944,0,122007,52.9183,-114.585,1280,5000,1,68,553000
68,6762823736,42492,3,2.5,1650,14054,1.0,0,0,4,7,1130,520,1986,0,122012,52.7121,-114.207,1940,87555,2,57,379880
69,6762826674,42492,3,1.0,1010,9945,1.0,0,0,4,6,1010,0,1973,0,122008,52.7624,-113.953,1390,12710,3,60,310000
70,6762813188,42493,3,2.5,2850,7130,2.0,0,0,3,10,1990,860,1980,0,122044,52.833,-114.479,2280,6459,1,52,783500
71,6762813282,42493,2,2.5,2680,7392,1.0,0,0,3,9,2680,0,2004,0,122045,52.947,-114.216,2315,7045,2,65,775000
72,6762815716,42493,4,2.0,2280,6010,1.0,0,0,3,7,1140,1140,1900,0,122044,52.8334,-114.479,2240,6200,1,51,628000
73,6762824246,42493,3,2.5,2200,7350,1.0,0,0,5,8,1570,630,1988,0,122046,52.6695,-114.351,2350,7557,2,53,365000
74,6762825730,42493,4,2.5,2530,9933,2.0,0,2,3,8,2010,520,1990,0,122023,52.4954,-114.406,2140,9933,2,59,331950
75,6762810164,42494,7,8.0,13540,307752,3.0,0,4,3,12,9410,4130,1999,0,122045,52.8975,-114.176,4850,217800,1,55,2280000
76,6762810615,42494,2,2.5,2220,4000,2.0,0,0,3,9,2220,0,2000,0,122047,52.8664,-114.47,1870,4000,3,67,1430000
77,6762810636,42494,5,3.5,4010,8510,2.0,0,1,5,9,2850,1160,1971,0,122004,52.8878,-114.476,2610,6128,1,50,1400000
78,6762811248,42494,4,2.5,4340,141570,2.5,0,0,3,11,4340,0,1992,0,122045,52.9105,-114.238,2720,97138,1,73,1090000
79,6762811411,42494,5,2.75,3190,16920,1.0,0,3,3,9,1690,1500,1976,0,122027,52.7941,-114.35,3100,13100,1,53,1030000
80,6762812053,42494,3,1.0,1330,77972,1.0,0,0,3,7,1330,0,1928,1954,122010,52.9191,-114.349,1340,17689,3,52,900000
81,6762812148,42494,4,4.25,4420,5750,2.0,0,0,3,10,3410,1010,2006,0,122012,52.7704,-114.263,4420,5750,1,57,890000
82,6762812149,42494,5,3.5,4490,6000,2.0,0,0,3,10,3200,1290,2006,0,122012,52.7696,-114.263,4530,6000,2,70,890000
83,6762812331,42494,4,3.0,3690,9892,2.0,0,0,3,10,3690,0,1998,0,122020,52.8237,-114.172,3430,11294,3,62,865000
84,6762812415,42494,4,2.75,2600,5390,1.0,0,0,4,8,1300,1300,1960,0,122032,52.8682,-114.587,2550,5600,2,69,855000
85,6762812659,42494,4,3.0,2170,4000,2.0,0,0,4,9,1610,560,1982,2011,122047,52.8496,-114.482,1670,4000,3,73,831000
86,6762812664,42494,4,2.5,3400,9692,2.0,0,0,3,9,3400,0,2007,0,122005,52.938,-114.299,3070,7375,3,58,830000
87,6762812761,42494,6,1.75,2920,5000,2.5,0,0,4,9,2780,140,1908,0,122044,52.8324,-114.485,2020,5000,3,68,823000
88,6762812961,42494,5,2.5,3180,13806,2.0,0,0,4,10,3180,0,1990,0,122010,52.882,-114.372,3180,13798,1,76,800866
89,6762812963,42494,3,2.5,3240,7857,2.0,0,0,3,10,3240,0,1994,0,122020,52.8157,-114.228,2970,7857,3,66,800000
90,6762813152,42494,3,1.75,1330,7500,1.0,0,0,3,8,1330,0,1961,0,122048,52.8374,-114.385,1690,7800,3,56,787000
91,6762813210,42494,4,2.5,2730,10281,2.0,0,2,3,9,2730,0,1996,0,122019,52.8527,-114.219,2750,7220,3,79,780000
92,6762813361,42494,3,2.0,2350,5700,1.5,0,0,4,8,1810,540,1939,0,122047,52.869,-114.5,2170,6000,1,77,770000
93,6762813551,42494,4,2.5,2120,10202,1.0,0,0,4,7,1620,500,1960,0,122049,52.8158,-114.36,1570,10762,2,73,755000
94,6762813766,42494,4,1.75,2010,3600,1.5,0,0,3,7,2010,0,1902,0,122003,52.8637,-114.561,2010,3600,2,55,740000
95,6762813838,42494,4,2.5,3180,21904,2.0,0,3,3,9,3180,0,2000,0,122015,52.745,-114.307,3715,29170,2,77,736500
96,6762814206,42494,4,2.5,2450,4247,2.0,0,0,3,8,2450,0,2013,0,122005,52.9348,-114.303,2970,4685,1,75,712198
97,6762814291,42494,3,2.5,2490,4343,2.0,0,0,3,9,2490,0,2003,0,122011,52.7793,-114.183,2130,4106,3,59,705380
98,6762814896,42494,3,2.5,1680,2000,3.0,0,0,3,9,1680,0,1909,1998,122004,52.8904,-114.48,1950,5000,3,69,670000
99,6762814966,42494,4,2.5,2800,5900,1.0,0,0,3,8,1660,1140,1963,0,122006,52.9109,-114.476,2580,5900,2,63,665000
100,6762815131,42494,4,1.0,1390,4240,1.0,0,0,3,7,1050,340,1924,0,122028,52.8896,-114.528,1810,4240,1,68,657100
101,6762815226,42494,3,1.5,2160,9000,1.0,0,2,4,8,1400,760,1949,0,122050,52.9541,-114.559,3010,9000,2,75,650000
102,6762815643,42494,4,2.5,2440,6651,2.0,0,0,3,9,2440,0,2014,0,122007,52.9271,-114.561,1350,7653,2,77,631625
103,6762815727,42494,4,2.25,1990,7712,1.0,0,0,3,8,1210,780,1973,0,122012,52.7988,-114.277,1720,7393,3,61,627000
104,6762815880,42494,3,1.75,1480,2185,2.5,0,0,3,9,1480,0,2005,0,122033,52.9245,-114.36,1480,2441,2,52,620000
105,6762815955,42494,3,2.0,1800,5000,1.0,0,0,4,7,1080,720,1942,0,122006,52.9038,-114.487,1800,5000,1,69,618500
106,6762815987,42494,4,1.75,2300,11700,1.0,0,0,4,9,1960,340,1977,0,122005,52.8631,-114.284,2840,12000,3,50,615000
107,6762816274,42494,3,1.75,1670,39639,1.0,0,0,4,8,1670,0,1976,1992,122020,52.8229,-114.179,2330,30492,1,77,600000
108,6762816275,42494,3,1.75,1880,6360,1.0,0,0,4,7,1040,840,1945,0,122006,52.9178,-114.476,1770,6175,2,57,600000
109,6762816667,42494,2,1.0,1770,8640,1.5,0,0,3,6,1520,250,1949,0,122007,52.9226,-114.553,1060,4804,3,77,585000
110,6762816779,42494,2,1.0,2540,7000,1.0,0,0,5,8,1320,1220,1942,0,122051,52.7559,-114.451,2160,6000,3,77,580000
111,6762817053,42494,3,2.25,2010,6000,1.0,0,0,3,8,1330,680,1975,0,122005,52.9212,-114.305,2080,8260,2,78,570000
112,6762817314,42494,3,2.5,1900,8744,2.0,0,0,3,8,1900,0,1987,0,122019,52.85,-114.233,2030,8744,2,58,560000
113,6762817450,42494,3,2.5,1940,3211,2.0,0,0,3,8,1940,0,2009,0,122012,52.7944,-114.283,1880,3078,3,60,555000
114,6762817755,42494,2,1.0,1140,5400,1.0,0,0,5,7,1140,0,1908,0,122047,52.8505,-114.484,1520,4800,1,68,549000
115,6762817756,42494,4,2.5,2910,6338,2.0,0,0,3,8,2910,0,2008,0,122015,52.7104,-114.316,2500,5877,3,54,549000
116,6762817929,42494,5,2.75,2740,8426,1.0,0,0,4,8,1370,1370,1960,0,122027,52.7863,-114.374,2020,8783,1,69,541125
117,6762818230,42494,2,3.0,1270,1175,2.0,0,0,3,8,1110,160,2000,0,122028,52.8934,-114.53,1290,1800,1,71,531000
118,6762818400,42494,5,1.75,2550,71874,1.0,0,0,5,7,1810,740,1960,0,122012,52.7145,-114.27,2170,51400,2,65,525888
119,6762818543,42494,3,1.75,1560,5520,1.0,0,0,4,6,780,780,1944,0,122032,52.8815,-114.589,1470,6000,3,70,524000
120,6762818924,42494,3,2.5,1790,2700,2.0,0,0,3,8,1790,0,2010,0,122012,52.794,-114.283,1890,3078,1,79,509900
121,6762819061,42494,4,1.0,2070,7519,1.0,0,0,3,7,1160,910,1963,0,122029,52.862,-114.309,1730,7519,2,56,501000
122,6762819262,42494,4,2.5,2910,6479,2.0,0,0,3,7,2910,0,2006,0,122008,52.7702,-114.077,2320,5178,1,50,499000
123,6762819312,42494,6,2.75,3200,9200,1.0,0,2,4,8,1600,1600,1953,0,122052,52.722,-114.554,2220,9500,2,56,497300
124,6762819594,42494,4,1.75,2010,9211,1.0,0,0,3,7,1470,540,1977,0,122033,52.9506,-114.361,1840,8500,3,62,487585
125,6762819620,42494,4,3.0,2340,7048,1.0,0,0,4,8,1340,1000,1979,0,122033,52.9606,-114.417,1440,8088,1,53,485000
126,6762819874,42494,3,2.5,3040,4535,2.0,0,0,3,9,3040,0,2007,0,122053,52.74,-114.375,2670,4666,2,79,478000
127,6762820970,42494,4,2.0,1480,3844,1.5,0,0,5,7,1480,0,1928,0,122038,52.9342,-114.542,1480,3844,1,73,449250
128,6762821445,42494,5,2.0,1840,9240,1.0,0,0,4,7,1540,300,1942,1958,122038,52.9608,-114.53,1200,5250,3,78,435000
129,6762822174,42494,2,2.5,1590,1426,2.0,0,0,3,8,1590,0,2014,0,122011,52.7741,-114.203,1590,1426,2,80,419190
130,6762822204,42494,3,2.0,1410,6030,1.5,0,0,4,7,1410,0,1930,0,122028,52.9294,-114.537,1410,6300,2,51,418000
131,6762822246,42494,3,2.5,1408,989,3.0,0,0,3,8,1408,0,2005,0,122006,52.9156,-114.505,1408,1342,1,64,416286
132,6762822266,42494,3,2.25,1620,998,2.5,0,0,3,8,1540,80,2010,0,122012,52.7701,-114.217,1620,1299,3,59,415000
133,6762822453,42494,3,2.25,1800,36704,1.0,0,0,4,8,1360,440,1978,0,122012,52.6988,-114.203,2730,36404,1,74,410000
134,6762822604,42494,3,2.25,1410,1332,3.0,0,0,3,8,1410,0,2005,0,122028,52.9216,-114.53,1430,1448,2,70,406100
135,6762822620,42494,2,3.0,1410,1240,2.0,0,0,3,8,1140,270,2006,0,122016,52.7521,-114.58,1410,1273,3,74,405000
136,6762822792,42494,2,1.75,2110,9519,1.0,0,0,2,7,2110,0,1948,0,122014,52.9804,-114.496,1480,9519,2,77,400000
137,6762822793,42494,2,1.0,840,5510,1.0,0,0,3,7,840,0,1955,0,122016,52.7547,-114.581,1630,5510,2,79,400000
138,6762823019,42494,3,2.5,2230,4000,2.0,0,0,3,7,2230,0,1954,0,122054,52.8101,-114.496,1310,4000,3,78,398750
139,6762823544,42494,5,2.5,3090,12750,1.0,0,0,3,8,1750,1340,1968,0,122018,52.5708,-114.525,1760,25919,2,63,384900
140,6762823717,42494,4,1.75,1970,9389,1.0,0,0,5,7,1140,830,1960,0,122038,53.0071,-114.529,1820,8135,1,72,379950
141,6762824223,42494,3,3.0,1571,10800,3.0,0,0,3,8,1571,0,2008,0,122022,52.9638,-114.499,1520,1497,1,62,366750
142,6762825311,42494,5,1.0,1120,9022,1.5,0,0,4,7,1120,0,1962,0,122033,52.9596,-114.43,1310,7500,3,69,340000
143,6762825312,42494,2,1.5,1160,1438,2.0,0,0,3,7,1160,0,2001,0,122054,52.8217,-114.485,1220,1740,1,72,340000
144,6762825869,42494,2,1.0,1140,5250,1.5,0,0,4,6,1140,0,1949,0,122038,52.961,-114.531,1450,5250,2,65,329950
145,6762825928,42494,4,2.5,2370,6500,2.0,0,0,3,9,2370,0,1998,0,122023,52.5628,-114.363,2590,6137,3,60,328000
146,6762826775,42494,4,2.75,2310,5000,2.0,0,0,3,7,2310,0,2006,0,122024,52.5914,-114.225,1980,5000,3,68,309950
147,6762826776,42494,3,2.5,1880,7838,2.0,0,0,3,7,1880,0,1994,0,122042,52.6739,-114.38,1810,7915,3,52,309950
148,6762827057,42494,3,2.0,1050,10072,1.0,0,0,3,7,1050,0,1986,0,122055,52.9641,-114.166,1130,10087,3,56,300000
149,6762827694,42494,3,1.0,1450,6000,1.0,0,0,4,7,1450,0,1953,0,122051,52.7538,-114.477,1170,6464,2,61,287000
150,6762829320,42494,3,2.0,1550,15040,1.0,0,0,4,6,1550,0,1958,0,122015,52.7173,-114.289,1510,41416,3,65,249950
151,6762829453,42494,3,1.75,1920,9306,1.0,0,0,3,7,1000,920,1984,0,122039,52.5619,-114.457,1860,8458,3,54,245000
152,6762829917,42494,2,1.0,1200,8063,1.0,0,0,4,6,1200,0,1958,0,122043,52.6504,-114.514,1200,7500,2,56,232000
153,6762830263,42494,4,1.5,1240,9600,1.0,0,0,3,7,1240,0,1971,0,122018,52.5506,-114.587,1240,9592,1,52,220000
154,6762830332,42494,4,1.5,1120,5427,1.0,0,0,3,6,1120,0,1969,2014,122035,52.5928,-114.277,1150,5304,3,77,219900
155,6762830530,42494,3,1.0,1340,306848,1.0,0,0,3,5,1340,0,1953,0,122055,52.9834,-114.102,1800,128066,1,58,210000
156,6762830531,42494,5,2.0,2050,10200,1.0,0,0,3,6,1430,620,1956,0,122043,52.6436,-114.523,1940,8625,1,73,210000
157,6762830664,42494,2,1.0,810,7158,1.0,0,0,5,6,810,0,1944,0,122056,52.7182,-114.515,1090,7158,2,75,206000
158,6762831089,42494,3,1.75,1490,10125,1.0,0,0,4,7,1490,0,1962,0,122039,52.5375,-114.474,2488,4981,1,55,184000
159,6762810285,42495,5,4.0,4510,15175,2.0,0,0,3,10,4510,0,1969,2002,122057,52.7609,-114.418,3510,13500,1,65,1870000
160,6762810310,42495,5,5.0,4490,10279,2.0,0,0,3,10,3930,560,2013,0,122048,52.8274,-114.392,2490,10279,1,68,1800000
161,6762810471,42495,4,3.25,3760,10920,1.5,0,0,5,9,2400,1360,1950,0,122004,52.8987,-114.454,3430,11050,3,62,1580000
162,6762810939,42495,4,2.25,3490,6906,2.0,0,0,4,10,2280,1210,1928,0,122032,52.8724,-114.597,2540,6223,1,61,1230000
163,6762811141,42495,4,2.75,3370,8103,1.0,0,3,3,9,1970,1400,1970,2014,122016,52.7532,-114.573,2120,6360,2,60,1140000
164,6762811335,42495,3,2.5,2200,1970,2.0,0,0,3,9,1610,590,2008,0,122013,52.8726,-114.517,1890,3505,3,65,1050000
165,6762811613,42495,3,2.5,2690,4047,3.0,0,0,3,10,2690,0,2014,0,122007,52.9097,-114.575,2040,5000,1,65,979000
166,6762811999,42495,3,3.5,3020,4082,2.0,0,0,3,9,2080,940,1954,2004,122032,52.881,-114.599,2060,5102,1,60,910000
167,6762812370,42495,4,2.0,3740,32417,2.0,0,0,3,9,3740,0,2000,0,122045,52.9028,-114.202,3180,32417,2,73,860000
168,6762813278,42495,4,2.5,3040,6425,2.0,0,0,3,8,3040,0,2008,0,122005,52.9088,-114.307,3040,7800,2,57,776000
169,6762813464,42495,4,2.5,3880,14550,2.0,0,0,3,10,3880,0,1987,0,122019,52.8678,-114.23,3240,14045,3,55,762300
170,6762813840,42495,4,2.5,2290,12047,2.0,0,0,4,9,2290,0,1988,0,122027,52.7899,-114.295,3130,15666,1,50,736000
171,6762813978,42495,4,2.5,3200,12369,2.0,0,0,3,10,3200,0,1998,0,122015,52.7573,-114.333,3770,12960,2,61,725126
172,6762814626,42495,4,2.5,3030,7864,2.0,0,0,3,9,3030,0,1999,0,122019,52.8375,-114.207,2790,7034,3,74,685000
173,6762814788,42495,2,1.0,930,36478,1.0,0,2,3,6,930,0,1951,0,122027,52.7999,-114.354,2800,11141,3,79,675000
174,6762815143,42495,4,3.5,3380,8330,2.0,0,0,3,8,3380,0,2000,0,122050,53.0041,-114.569,2220,8330,2,76,655500
175,6762815227,42495,3,1.5,1630,7475,1.0,0,1,3,7,1160,470,1940,0,122006,52.9025,-114.462,2320,7475,1,65,650000
176,6762815228,42495,5,3.5,3480,36615,2.0,0,0,4,8,2490,990,1983,0,122020,52.8041,-114.24,2540,35910,3,66,650000
177,6762816060,42495,4,2.0,2060,5000,1.0,0,0,3,7,1030,1030,1949,2013,122007,52.9292,-114.569,1280,5000,1,66,612500
178,6762816083,42495,4,3.0,2450,10117,1.0,0,0,5,8,1580,870,1967,0,122027,52.7994,-114.322,2530,10125,2,78,610000
179,6762816134,42495,4,2.5,2150,37981,2.0,0,0,3,9,2150,0,1985,0,122005,52.9527,-114.288,2450,37981,2,69,609000
180,6762816173,42495,4,2.5,2110,13850,2.0,0,0,3,9,2110,0,1987,0,122012,52.7797,-114.267,2520,10194,2,50,606000
181,6762816405,42495,4,2.25,2260,29930,2.0,0,0,4,8,1400,860,1977,0,122027,52.7989,-114.316,2770,29930,3,58,599000
182,6762816780,42495,4,3.25,3569,8327,2.0,0,0,3,10,3569,0,2013,0,122042,52.6895,-114.398,2550,5251,1,69,580000
183,6762816917,42495,3,1.75,2130,6500,1.0,0,2,3,8,1170,960,1954,0,122032,52.8724,-114.576,2020,5000,3,58,575000
184,6762817272,42495,4,3.0,3100,15480,2.0,0,0,3,8,2400,700,1996,0,122058,52.9766,-114.431,2000,42500,2,67,563000
185,6762817288,42495,5,2.25,3040,8111,2.0,0,0,3,8,3040,0,1984,0,122005,52.9457,-114.293,2020,8304,3,72,562000
186,6762817305,42495,3,2.0,2000,5500,2.0,0,0,3,7,2000,0,1916,1986,122016,52.7752,-114.583,1840,7000,2,62,561000
187,6762818108,42495,3,2.5,1850,10109,2.0,0,0,3,8,1850,0,1991,0,122033,52.9463,-114.419,1780,9660,3,56,535000
188,6762818202,42495,5,2.75,1800,3780,1.5,0,0,3,7,1400,400,1926,0,122028,52.9131,-114.533,1400,3780,1,79,533000
189,6762818237,42495,5,2.5,2910,5133,1.0,0,0,4,7,1690,1220,1964,0,122029,52.8103,-114.309,2830,10385,3,54,530000
190,6762818403,42495,3,2.5,2970,11985,1.0,0,0,3,9,1770,1200,1995,0,122019,52.8659,-114.242,2990,12049,3,70,525000
191,6762818591,42495,3,2.5,2460,54885,2.0,0,0,4,8,2460,0,1980,0,122015,52.7296,-114.336,2770,21407,1,77,520000
192,6762818667,42495,3,1.5,1430,8000,1.0,0,0,4,7,1430,0,1956,0,122030,52.8174,-114.326,1450,8000,2,78,518000
193,6762818718,42495,3,2.5,1790,7167,2.0,0,0,3,8,1790,0,1989,0,122019,52.8476,-114.235,1680,7418,3,71,515000
194,6762818810,42495,4,2.5,2000,5684,2.0,0,0,3,8,2000,0,1996,0,122058,52.9743,-114.41,2210,7066,3,72,513000
195,6762819071,42495,3,2.5,1480,1171,3.0,0,0,3,8,1480,0,2006,0,122047,52.85,-114.49,1480,1231,1,56,500000
196,6762819263,42495,2,1.75,1170,2400,1.0,0,0,4,7,740,430,1903,0,122028,52.8953,-114.523,1570,3919,1,54,499000
197,6762819584,42495,5,2.0,2020,5000,1.5,0,0,4,7,2020,0,1938,0,122007,52.9249,-114.56,1510,6600,1,57,488000
198,6762819621,42495,3,2.0,1420,4080,1.5,0,0,3,7,1420,0,1905,2013,122028,52.9172,-114.539,1420,4590,2,55,485000
199,6762819707,42495,2,1.75,1660,6000,1.0,0,0,3,7,1160,500,1942,0,122004,52.8924,-114.481,1660,4000,2,76,484000
200,6762819714,42495,4,2.5,2740,45732,2.0,0,0,3,8,2740,0,1995,0,122037,52.97,-114.238,2080,43560,2,70,483500
201,6762819923,42495,6,3.0,3470,117612,1.5,0,0,3,7,3470,0,1924,0,122058,52.9963,-114.424,2120,17100,3,65,475000
202,6762820190,42495,2,1.0,1030,4400,1.0,0,0,3,7,1030,0,1924,0,122007,52.911,-114.551,1400,4200,2,61,469000
203,6762820263,42495,3,2.25,1970,11088,1.0,0,0,4,8,1180,790,1967,0,122014,52.9951,-114.467,1970,10470,3,56,465000
204,6762820431,42495,2,2.25,1230,929,2.0,0,0,3,8,1020,210,2004,0,122044,52.8491,-114.491,1270,1370,2,73,460000
205,6762820605,42495,5,2.5,2240,7770,1.0,0,0,3,7,1340,900,1978,0,122033,52.9498,-114.361,1820,7770,2,52,455000
206,6762820766,42495,2,2.0,1100,3000,1.5,0,0,3,7,1100,0,1912,2005,122007,52.9097,-114.552,1390,4000,3,70,450000
207,6762821835,42495,4,2.0,1520,7983,1.0,0,0,5,7,1520,0,1967,0,122033,52.9657,-114.383,1520,7783,1,60,425000
208,6762822588,42495,4,2.25,2810,23400,1.0,0,1,3,7,1710,1100,1958,0,122043,52.625,-114.501,1860,14900,1,71,407000
209,6762822705,42495,4,1.75,1840,10720,1.0,0,0,3,7,960,880,1958,0,122029,52.8374,-114.315,1840,9044,1,64,404000
210,6762823058,42495,4,2.0,1440,7680,1.0,0,0,3,7,1200,240,1971,0,122033,52.9545,-114.39,1460,9660,3,66,397000
211,6762823244,42495,3,1.75,1260,6500,1.0,0,0,4,7,1260,0,1966,0,122029,52.8524,-114.306,1500,7700,3,51,390000
212,6762823245,42495,5,3.75,2890,5000,1.0,0,0,3,7,1310,1580,2006,0,122059,52.8001,-114.486,1930,5117,1,72,390000
213,6762823419,42495,3,1.0,1230,9568,1.0,0,0,5,7,1230,0,1962,0,122053,52.769,-114.369,1270,9575,2,56,387000
214,6762823456,42495,3,1.75,1900,5520,1.0,0,0,3,7,1280,620,1982,0,122051,52.7849,-114.482,1330,5196,3,50,385000
215,6762823727,42495,4,1.75,1500,11600,1.0,0,0,4,7,1000,500,1955,0,122058,52.9673,-114.431,1740,11600,2,65,379900
216,6762824138,42495,3,2.0,1270,1320,3.0,0,0,3,8,1270,0,2006,0,122028,52.9237,-114.532,1370,1320,2,59,369950
217,6762824202,42495,3,1.5,1410,9647,1.0,0,0,3,8,1410,0,1961,0,122050,52.9908,-114.551,2090,9272,2,78,367500
218,6762824247,42495,3,1.5,1310,8160,1.0,0,0,3,7,1310,0,1950,0,122038,52.9591,-114.529,1090,7560,1,69,365000
219,6762824373,42495,3,2.25,1640,14374,1.0,0,0,4,7,1140,500,1963,0,122060,52.6776,-114.522,2020,10500,2,70,362000
220,6762824403,42495,4,2.0,2680,18768,1.0,0,0,5,8,2680,0,1965,0,122039,52.5482,-114.469,1230,15750,1,54,360000
221,6762824756,42495,3,1.0,1350,7740,1.0,0,0,4,6,860,490,1947,0,122022,52.9398,-114.481,1130,7740,2,64,353000
222,6762825130,42495,4,2.5,2331,3826,2.0,0,0,3,8,2331,0,2007,0,122046,52.6744,-114.372,2441,3826,2,65,345000
223,6762825131,42495,3,1.0,1110,6250,1.0,0,0,3,7,1110,0,1956,0,122006,52.9277,-114.482,2010,6944,3,61,345000
224,6762825904,42495,2,1.0,720,6687,1.0,0,0,3,6,720,0,1942,0,122007,52.9301,-114.552,840,6687,2,53,329350
225,6762825992,42495,4,2.5,1890,12040,1.0,0,0,3,7,980,910,1980,0,122034,52.781,-114.546,1590,6954,1,78,325000
226,6762826596,42495,3,1.0,1510,6083,1.0,0,0,4,6,860,650,1940,0,122006,52.9266,-114.514,1510,5712,2,73,313950
227,6762826630,42495,4,2.0,1300,7054,1.0,0,0,3,7,1300,0,1950,2013,122052,52.7371,-114.559,1560,7100,1,64,312000
228,6762827348,42495,3,2.25,1980,8000,1.0,0,0,4,9,1560,420,1974,0,122018,52.5449,-114.568,2360,8000,3,51,295000
229,6762827837,42495,4,2.5,2000,5390,2.0,0,0,3,7,2000,0,2003,0,122035,52.6032,-114.319,2330,5390,3,73,284000
230,6762827916,42495,3,1.75,1630,11800,1.0,0,0,4,7,1630,0,1971,0,122025,52.7163,-113.92,2090,57428,2,75,280000
231,6762828037,42495,3,1.75,1580,8151,1.0,0,1,4,7,1100,480,1962,0,122043,52.5972,-114.502,1650,8151,3,79,279900
232,6762828331,42495,3,2.5,1650,13816,2.0,0,0,3,7,1650,0,1998,0,122041,52.8853,-114.102,1650,15144,1,61,272000
233,6762829190,42495,3,1.0,1050,6874,1.0,0,0,3,6,1050,0,1954,0,122038,52.992,-114.545,1500,8954,3,53,250000
234,6762829881,42495,3,1.75,1490,8366,1.0,0,0,4,7,1010,480,1975,0,122035,52.605,-114.33,1490,7469,1,74,234000
235,6762830340,42495,2,1.0,900,5160,1.0,0,0,3,6,900,0,1952,0,122034,52.755,-114.546,900,5160,2,68,219000
236,6762830360,42495,3,1.75,1850,7684,1.0,0,0,3,8,1320,530,1979,0,122018,52.5275,-114.56,1940,7630,2,55,218000
237,6762830890,42495,3,1.75,1690,7735,1.0,0,0,4,7,1060,630,1976,0,122039,52.5624,-114.47,1580,7503,2,52,197000
238,6762830971,42495,3,1.5,800,8850,1.0,0,0,4,6,800,0,1959,0,122018,52.5566,-114.538,820,8775,2,50,191000
239,6762831182,42495,3,1.0,1010,7034,1.0,0,0,3,7,1010,0,1954,0,122042,52.72,-114.41,1440,10994,1,50,175000
240,6762831495,42495,3,1.5,1420,8580,1.0,0,0,3,6,1420,0,1962,0,122018,52.5376,-114.552,1200,8580,1,71,136500
241,6762831616,42495,2,1.0,780,16344,1.0,0,0,1,5,780,0,1942,0,122056,52.7039,-114.47,1700,10387,2,51,78000
242,6762810052,42496,7,4.5,6210,8856,2.5,0,2,5,11,4760,1450,1910,0,122061,52.8607,-114.544,2940,5400,1,64,3200000
243,6762810519,42496,5,4.5,4270,8076,2.0,0,0,3,11,3400,870,2007,0,122010,52.929,-114.396,4100,10631,2,72,1530000
244,6762810536,42496,6,2.5,3560,6480,2.5,0,0,4,11,3560,0,1914,0,122047,52.857,-114.494,2780,6480,2,66,1500000
245,6762810736,42496,3,3.0,2960,5500,2.0,0,2,3,10,2440,520,1937,1990,122032,52.8656,-114.592,2960,5876,3,80,1340000
246,6762811104,42496,4,4.0,4460,103382,2.0,0,0,3,11,4460,0,2001,0,122045,52.864,-114.187,3470,88519,3,77,1150000
247,6762811190,42496,4,1.5,2310,13300,1.0,0,0,3,7,1890,420,1950,0,122048,52.8532,-114.4,2840,12744,2,61,1110000
248,6762811389,42496,4,3.5,3900,8391,2.0,0,0,3,10,3900,0,2006,0,122010,52.9279,-114.395,3820,12268,2,73,1040000
249,6762811814,42496,4,2.25,1890,5940,1.0,0,1,3,9,1470,420,1963,0,122047,52.8616,-114.493,2430,5940,1,62,940000
250,6762812054,42496,5,3.75,4130,226076,2.0,0,0,3,9,3170,960,1985,0,122037,52.945,-114.255,4130,55321,3,55,900000
251,6762813091,42496,4,2.0,2210,8556,1.0,0,1,4,8,1210,1000,1954,0,122032,52.8798,-114.586,2190,7975,1,65,794154
252,6762813283,42496,3,2.0,2540,7200,1.5,0,3,4,8,1600,940,1905,0,122054,52.8272,-114.482,2040,5900,2,72,775000
253,6762813540,42496,4,2.75,2410,9549,1.0,0,0,4,7,1780,630,1956,0,122010,52.8803,-114.387,2090,9549,2,63,758000
254,6762813601,42496,3,2.75,2520,23790,1.0,0,0,4,7,1360,1160,1946,0,122003,52.8752,-114.563,1800,5036,2,80,750000
255,6762813688,42496,4,2.75,2600,6050,2.0,0,0,5,8,1960,640,1949,0,122009,52.7956,-114.59,1990,6050,2,78,749950
256,6762814292,42496,4,2.5,2650,4316,1.5,0,0,3,8,1520,1130,1905,2013,122009,52.8166,-114.579,1690,5625,3,53,705000
257,6762814540,42496,3,2.0,1760,6428,1.0,0,0,4,7,980,780,1942,0,122032,52.8688,-114.587,1760,6004,3,74,690000
258,6762814789,42496,3,1.75,1680,10500,1.0,0,0,4,8,1680,0,1959,0,122049,52.8398,-114.359,2250,10400,2,70,675000
259,6762814790,42496,4,4.0,3680,18804,2.0,0,0,3,10,3680,0,1990,0,122019,52.8493,-114.204,3200,15954,2,79,675000
260,6762815215,42496,3,2.5,3240,108366,2.0,0,0,4,10,3240,0,1991,0,122035,52.557,-114.284,2090,108366,2,71,651000
261,6762815462,42496,3,3.0,2270,5175,2.0,0,0,3,9,2130,140,2002,0,122053,52.746,-114.393,2850,5661,1,62,640000
262,6762815655,42496,3,2.5,2680,327135,2.0,0,0,3,8,2680,0,1995,0,122062,52.6083,-114.193,2020,60080,1,55,630000
263,6762815656,42496,2,2.25,2550,5663,1.0,0,0,3,10,1720,830,2011,0,122053,52.7604,-114.392,2560,3828,3,80,630000
264,6762815957,42496,3,2.5,2030,6500,2.0,0,0,3,8,2030,0,1988,0,122012,52.7954,-114.282,2030,8485,1,66,618080
265,6762816079,42496,3,3.0,1680,1570,3.0,0,0,3,8,1680,0,2014,0,122028,52.8872,-114.536,1640,4800,3,62,610950
266,6762816276,42496,3,2.5,2460,108900,1.0,0,0,4,9,1860,600,1977,0,122012,52.7124,-114.19,2870,102366,1,55,600000
267,6762816384,42496,9,4.5,3830,6988,2.5,0,0,3,7,2450,1380,1938,0,122028,52.9227,-114.528,1460,6291,1,62,599999
268,6762816406,42496,3,1.75,1960,4788,1.0,0,0,4,7,1090,870,1920,0,122006,52.9046,-114.502,1960,3960,2,66,599000
269,6762816769,42496,4,2.0,2510,13695,1.0,0,0,4,7,1280,1230,1961,2001,122010,52.9305,-114.364,1220,12500,2,74,581000
270,6762816918,42496,4,2.0,1650,5000,1.0,0,0,3,7,1650,0,1955,0,122007,52.9081,-114.564,1690,2276,3,53,575000
271,6762817146,42496,3,2.0,2350,5080,1.5,0,0,3,8,1780,570,1929,0,122051,52.7816,-114.453,1700,5080,1,65,568000
272,6762817315,42496,3,3.0,4120,60392,2.0,0,2,3,9,3180,940,1994,0,122041,52.9104,-114.103,2770,64033,3,51,560000
273,6762817316,42496,3,2.0,1860,13374,1.0,0,0,3,8,1860,0,1985,0,122012,52.7697,-114.244,1960,9797,3,57,560000
274,6762817937,42496,7,5.75,3700,7647,2.0,0,1,3,8,3700,0,1948,1984,122014,52.9693,-114.479,2510,7479,1,65,540000
275,6762818109,42496,3,1.75,2720,149410,1.5,0,0,3,9,2720,0,1988,0,122041,52.9392,-114.082,2560,149410,1,58,535000
276,6762818110,42496,3,2.5,2280,2289,2.0,0,0,3,8,1880,400,2006,0,122012,52.7675,-114.263,2280,2425,3,65,535000
277,6762818238,42496,3,1.0,1340,4284,1.0,0,0,3,7,1080,260,1910,0,122004,52.8933,-114.514,1960,4080,2,71,530000
278,6762818388,42496,2,2.0,1550,2400,1.5,0,0,4,7,1550,0,1900,0,122028,52.884,-114.536,1180,1224,3,66,526000
279,6762818648,42496,3,2.25,1170,1249,3.0,0,0,3,8,1170,0,2014,0,122026,52.9022,-114.571,1350,1310,3,59,519950
280,6762818719,42496,3,1.75,1580,9147,1.0,0,1,4,7,1210,370,1967,0,122029,52.8369,-114.302,2600,23564,3,62,515000
281,6762818846,42496,4,2.5,2430,5203,2.0,0,0,3,8,2430,0,2003,0,122014,52.9702,-114.507,2260,7474,3,58,510000
282,6762819032,42496,3,2.75,1540,6760,1.0,0,0,5,7,1210,330,1980,0,122033,52.9463,-114.402,1540,7416,3,67,503000
283,6762819072,42496,2,1.0,1010,3885,1.5,0,0,4,7,1010,0,1906,1990,122047,52.8524,-114.494,1770,4200,1,65,500000
284,6762819073,42496,3,2.5,1940,37565,1.0,0,0,4,8,1940,0,1987,0,122012,52.7101,-114.253,2560,37565,1,69,500000
285,6762819343,42496,3,1.0,990,6000,1.0,0,0,3,6,990,0,1943,0,122004,52.9018,-114.457,1250,6000,1,57,495000
286,6762819344,42496,4,2.75,2656,21195,2.0,0,0,3,9,2656,0,2014,0,122039,52.5462,-114.462,1860,16510,1,72,495000
287,6762819436,42496,4,2.5,3305,16164,1.5,0,0,5,7,2245,1060,1922,1956,122038,52.9863,-114.528,1620,8883,1,58,492000
288,6762819622,42496,3,2.0,1610,4160,1.0,0,0,4,7,1010,600,1917,0,122016,52.7721,-114.578,1040,4400,2,70,485000
289,6762819760,42496,4,2.5,2180,11200,1.0,0,0,4,8,2180,0,1968,0,122021,52.9776,-114.276,1790,11200,1,76,480500
290,6762819924,42496,2,1.0,820,2723,1.0,0,0,3,7,820,0,1921,0,122028,52.8923,-114.529,1370,3850,1,80,475000
291,6762820432,42496,3,2.0,1760,9055,2.0,0,0,4,7,1760,0,1985,0,122005,52.8834,-114.318,2010,9383,2,61,460000
292,6762821207,42496,3,1.75,1500,6180,1.0,0,0,4,6,1060,440,1947,0,122051,52.7989,-114.474,1740,6180,3,68,440000
293,6762821771,42496,2,2.0,1350,3900,1.0,0,0,3,8,1350,0,2003,0,122045,52.9394,-114.22,1440,3900,1,80,428000
294,6762821836,42496,2,2.5,1150,1027,3.0,0,0,3,8,1150,0,2008,0,122028,52.8834,-114.546,1360,1210,2,61,425000
295,6762822055,42496,2,1.5,1040,3500,1.5,0,0,4,6,1040,0,1904,0,122054,52.818,-114.494,1340,1213,2,72,420000
296,6762822056,42496,3,2.25,1770,8165,2.0,0,0,3,7,1770,0,1977,0,122033,52.9466,-114.426,1650,8165,2,73,420000
297,6762822226,42496,3,2.25,1606,1452,3.0,0,0,3,8,1606,0,2009,0,122022,52.9475,-114.474,1516,1939,2,71,417250
298,6762822267,42496,4,3.0,1830,9548,2.0,0,0,3,7,1830,0,1991,0,122058,52.9679,-114.414,1740,9750,1,66,415000
299,6762822547,42496,4,2.75,2140,13000,1.0,0,0,3,7,1320,820,1968,0,122058,52.9983,-114.442,2360,11000,3,67,409500
300,6762822621,42496,3,2.25,1660,8307,1.0,0,0,4,8,1660,0,1961,0,122038,52.9875,-114.542,2510,7800,3,74,405000
301,6762823625,42496,5,1.75,3000,6000,1.0,0,0,5,7,1500,1500,1958,0,122063,52.722,-114.415,2230,7125,1,66,380000
302,6762823740,42496,2,1.0,1640,17335,1.0,0,0,3,7,840,800,1978,0,122045,52.8697,-114.143,2440,17850,3,66,379500
303,6762823823,42496,3,2.5,1830,13042,2.0,0,0,3,8,1830,0,1990,0,122024,52.6038,-114.232,1940,6996,1,50,375000
304,6762824248,42496,5,2.75,2410,5003,1.0,0,0,3,7,1410,1000,2008,0,122051,52.7598,-114.464,1590,5003,3,78,365000
305,6762824389,42496,2,1.0,820,6400,1.0,0,0,4,7,820,0,1944,0,122064,52.78,-114.569,1490,6400,2,66,361280
306,6762824800,42496,5,2.5,2420,8560,1.0,0,2,3,7,1620,800,1978,0,122051,52.762,-114.475,2210,7040,2,55,352000
307,6762824831,42496,3,1.0,1010,9360,1.0,0,0,3,6,1010,0,1981,0,122010,52.9174,-114.358,1470,9360,1,67,350000
308,6762825419,42496,3,2.25,1630,12295,2.0,0,0,4,7,1630,0,1985,0,122046,52.6579,-114.351,1730,9948,2,59,339950
309,6762825420,42496,2,1.0,820,681,3.0,0,0,3,8,820,0,2006,0,122028,52.8919,-114.542,820,1156,2,56,339950
310,6762825551,42496,3,2.0,1570,7200,1.0,0,0,4,7,1570,0,1952,0,122014,52.9801,-114.504,1410,7434,3,59,335000
311,6762826573,42496,3,1.0,1040,16986,1.0,0,0,4,7,1040,0,1968,0,122015,52.7112,-114.287,1660,16986,1,76,314950
312,6762826582,42496,3,1.75,1870,12381,1.0,0,0,4,8,1870,0,1957,0,122040,52.5658,-114.51,1950,12667,2,77,314500
313,6762826607,42496,3,1.75,2190,1716,1.0,0,0,4,8,2190,0,1967,0,122018,52.5398,-114.571,1980,8000,1,66,313000
314,6762826675,42496,3,1.75,1840,10723,1.0,0,0,4,7,1220,620,1974,0,122046,52.659,-114.344,1590,9820,2,62,310000
315,6762826676,42496,3,1.75,2070,37904,1.0,0,0,4,7,1420,650,1973,0,122046,52.655,-114.376,2011,19110,2,76,310000
316,6762826883,42496,3,2.5,1600,3573,2.0,0,0,3,7,1600,0,2013,0,122053,52.737,-114.371,1500,11089,2,73,305450
317,6762827058,42496,2,1.0,760,3001,1.0,0,0,3,6,760,0,1913,0,122054,52.8174,-114.501,1750,5000,2,73,300000
318,6762827917,42496,3,2.5,1600,4271,2.0,0,0,3,7,1600,0,2000,0,122039,52.5603,-114.459,1700,4746,2,62,280000
319,6762828163,42496,3,2.5,1600,7000,2.0,0,0,4,8,1600,0,1993,0,122024,52.5834,-114.247,1700,7000,2,56,275000
320,6762828606,42496,5,1.5,1500,7112,1.0,0,0,5,6,760,740,1920,0,122031,52.6992,-114.54,1200,7112,1,63,265000
321,6762829003,42496,5,2.25,2060,8632,1.0,0,0,3,7,1030,1030,1962,0,122052,52.7177,-114.525,1010,11680,1,60,255000
322,6762829120,42496,3,1.75,1250,10122,1.0,0,0,3,7,1250,0,1994,0,122062,52.5577,-114.191,1980,10175,1,53,253000
323,6762829191,42496,1,1.0,1100,4373,1.0,0,0,2,6,820,280,1947,0,122031,52.6953,-114.528,1100,7500,3,62,250000
324,6762829348,42496,3,1.0,1110,8423,1.0,0,0,3,7,1110,0,1952,0,122031,52.7018,-114.532,1140,9083,3,69,249000
325,6762829374,42496,4,1.75,1720,10018,1.0,0,0,5,7,1720,0,1960,0,122035,52.5914,-114.309,1220,10018,3,66,248500
326,6762829434,42496,3,1.0,1400,7410,1.0,0,0,3,6,1400,0,1944,0,122031,52.7098,-114.533,1070,7410,2,61,246000
327,6762829454,42496,3,1.5,1260,1270,2.0,0,0,3,7,1040,220,2005,0,122038,52.9411,-114.521,1260,1472,3,65,245000
328,6762829711,42496,3,2.0,1410,7566,1.0,0,0,3,7,1410,0,1985,0,122065,52.5974,-114.372,1570,7210,2,73,239900
329,6762829943,42496,3,2.5,1920,9180,2.0,0,0,3,8,1920,0,1988,0,122042,52.7118,-114.421,1930,7252,1,80,230000
330,6762830103,42496,3,1.75,1640,10762,1.0,0,0,3,7,1130,510,1988,0,122035,52.5886,-114.264,1680,10259,2,78,226500
331,6762830601,42496,3,1.5,1380,11130,1.0,0,0,3,7,1380,0,1960,0,122040,52.5446,-114.513,1380,9200,1,78,209950
332,6762831054,42496,4,1.0,1490,6600,1.0,0,0,3,7,1490,0,1969,0,122056,52.7135,-114.522,1280,6600,2,68,185000
333,6762831337,42496,2,1.0,1040,13100,1.0,0,0,5,6,1040,0,1912,0,122066,52.6177,-114.424,910,5080,1,66,160000
334,6762831587,42496,2,1.0,910,22000,1.0,0,0,3,6,910,0,1956,0,122039,52.5077,-114.442,1326,9891,2,79,100000
335,6762810338,42497,6,3.0,3510,5760,2.5,0,0,4,10,3510,0,1906,0,122047,52.8563,-114.502,3450,5760,3,55,1750000
336,6762810537,42497,3,1.75,2430,12757,1.0,0,2,4,8,1340,1090,1952,0,122048,52.8501,-114.399,2930,12450,3,59,1500000
337,6762810781,42497,5,3.25,2800,3200,1.5,0,0,5,10,1910,890,1932,2002,122061,52.8721,-114.54,2450,3500,3,79,1310000
338,6762810889,42497,4,3.25,3820,24166,2.0,0,1,4,11,3310,510,1990,0,122057,52.7563,-114.417,2900,18786,1,72,1250000
339,6762811336,42497,4,3.0,2920,33976,1.0,0,3,5,8,1460,1460,1964,0,122029,52.8464,-114.294,2970,15210,2,67,1050000
340,6762811390,42497,4,1.0,3410,5000,2.0,0,0,5,8,2190,1220,1910,0,122054,52.8107,-114.481,2550,5000,1,58,1040000
341,6762811575,42497,3,2.75,2015,16807,2.0,1,4,3,9,2015,0,2007,0,122031,52.68,-114.567,1780,12310,2,71,988500
342,6762811596,42497,5,2.5,3160,11470,1.0,0,0,4,9,1780,1380,1971,0,122057,52.7668,-114.406,3260,11470,2,52,980000
343,6762811867,42497,3,3.25,2640,4080,2.0,0,0,3,9,1840,800,1912,2000,122004,52.8936,-114.516,1990,4080,1,78,930000
344,6762812323,42497,3,2.5,2920,3942,3.0,0,0,3,10,2920,0,2008,0,122053,52.761,-114.394,2920,3942,3,65,868500
345,6762812615,42497,4,2.0,1910,6960,1.5,0,0,5,8,1910,0,1941,0,122028,52.9193,-114.538,1360,3300,1,63,835000
346,6762812665,42497,5,3.0,3040,9601,1.0,0,0,5,9,1970,1070,1968,0,122057,52.7862,-114.41,3180,12390,2,50,830000
347,6762813158,42497,3,2.75,3010,1842,2.0,0,0,3,9,3010,0,2011,0,122020,52.8136,-114.184,2950,4200,3,58,785000
348,6762813211,42497,4,1.75,2480,9195,1.0,0,0,3,7,1390,1090,1950,0,122048,52.814,-114.385,2440,9195,2,75,780000
349,6762813572,42497,4,2.5,2660,5500,2.0,0,2,3,9,2660,0,2003,0,122011,52.7739,-114.186,3620,5500,2,64,753888
350,6762814111,42497,3,2.5,1690,4500,1.5,0,1,4,8,1690,0,1928,0,122009,52.8141,-114.573,2140,7200,3,51,719000
351,6762814139,42497,4,2.5,3290,6465,2.0,0,0,3,9,3290,0,2002,0,122020,52.8281,-114.166,3100,5929,3,63,716500
352,6762814207,42497,3,1.0,1250,4620,1.5,0,0,4,7,1150,100,1900,0,122028,52.881,-114.531,1900,4400,1,60,712000
353,6762815046,42497,3,1.75,1320,5750,1.5,0,0,5,7,1320,0,1918,0,122009,52.8148,-114.581,1440,5750,2,52,660000
354,6762815378,42497,4,1.75,2060,26036,1.0,0,0,4,8,1160,900,1947,0,122031,52.6744,-114.541,2590,21891,1,69,647500
355,6762815557,42497,2,1.75,1230,3600,1.5,0,0,5,7,1230,0,1925,0,122003,52.8723,-114.551,1210,4500,2,79,636000
356,6762815988,42497,2,1.0,1540,6872,1.0,0,0,4,7,820,720,1946,0,122003,52.8754,-114.563,1420,5538,3,72,615000
357,6762816464,42497,3,2.5,1750,3354,2.0,0,0,4,7,1750,0,1991,0,122010,52.9253,-114.389,1750,4286,2,66,595000
358,6762816607,42497,2,3.0,3160,66646,2.0,0,0,3,7,3160,0,1993,0,122037,52.9779,-114.224,3140,38790,2,60,589900
359,6762817133,42497,4,2.25,2250,41688,2.0,0,0,3,8,2250,0,1980,0,122045,52.8995,-114.24,2350,37920,2,55,569000
360,6762817390,42497,2,2.0,1870,4950,1.0,0,0,3,8,1870,0,2006,0,122045,52.9495,-114.212,1670,4800,2,76,559950
361,6762817519,42497,2,2.5,1360,1349,2.0,0,0,3,8,1050,310,1997,0,122047,52.8554,-114.482,1430,4400,2,65,553650
362,6762817818,42497,3,2.25,1780,191228,2.0,0,2,3,8,1780,0,1988,0,122025,52.6875,-113.938,2440,87120,3,68,545000
363,6762817894,42497,6,2.25,2820,15600,1.5,0,2,5,7,1970,850,1940,0,122031,52.6935,-114.552,2520,7797,3,62,543200
364,6762818056,42497,4,1.75,1840,9600,1.0,0,0,3,7,1220,620,1967,0,122005,52.8879,-114.315,1770,9720,1,78,538000
365,6762818068,42497,4,2.5,2550,4630,2.0,0,0,3,7,2550,0,2005,0,122020,52.8228,-114.194,2550,5151,1,69,537500
366,6762818111,42497,4,2.5,2280,65836,2.0,0,0,3,8,2280,0,2004,0,122037,52.9537,-114.266,2300,97574,3,65,535000
367,6762818203,42497,3,1.0,1670,4080,1.0,0,0,3,7,1170,500,1967,0,122006,52.9199,-114.511,1560,4080,1,62,533000
368,6762818239,42497,3,1.75,1980,6760,1.0,0,0,4,8,1980,0,1973,0,122029,52.8698,-114.303,2120,7280,2,77,530000
369,6762818240,42497,4,2.75,2280,2850,1.5,0,0,4,7,1540,740,1930,0,122006,52.9171,-114.497,1680,3800,2,50,530000
370,6762818544,42497,3,2.25,2430,73151,1.0,0,0,3,8,2430,0,1974,0,122015,52.7049,-114.282,2800,39250,3,53,524000
371,6762818720,42497,2,1.0,1060,4960,1.0,0,0,3,7,1060,0,1926,0,122028,52.9196,-114.521,1420,4960,3,57,515000
372,6762819074,42497,3,1.75,1410,1197,3.0,0,0,3,8,1410,0,2012,0,122028,52.8858,-114.538,1350,2512,3,54,500000
373,6762819264,42497,2,1.5,1110,957,2.0,0,0,3,8,930,180,2005,0,122003,52.8619,-114.552,1680,1104,2,56,499000
374,6762819418,42497,3,2.5,2310,6250,2.0,0,0,3,8,2310,0,2011,0,122058,53.0034,-114.427,2440,4711,3,58,494000
375,6762819551,42497,5,2.25,2440,20828,1.5,0,0,4,8,2440,0,1975,0,122035,52.6062,-114.348,2670,14472,2,50,489990
376,6762820767,42497,3,2.0,1510,43560,1.0,0,0,3,7,1510,0,1954,0,122037,52.9518,-114.269,2060,67756,2,78,450000
377,6762821186,42497,2,1.5,1020,1060,3.0,0,0,3,8,1020,0,2008,0,122028,52.9101,-114.538,1340,1415,2,69,441750
378,6762821371,42497,2,1.0,980,1179,2.0,0,0,3,8,980,0,2010,0,122003,52.8681,-114.565,1190,1600,3,77,438000
379,6762821403,42497,3,1.75,1310,9282,1.0,0,0,4,7,1310,0,1976,0,122005,52.9144,-114.301,1310,8748,3,68,437000
380,6762821994,42497,3,1.75,1460,7700,1.0,0,0,3,7,1460,0,1979,0,122005,52.9281,-114.317,1720,7280,1,63,424500
381,6762822396,42497,3,2.5,1540,3200,3.0,0,0,3,8,1470,70,2008,0,122028,52.9261,-114.531,1540,1418,1,53,413450
382,6762822622,42497,2,1.0,1020,8155,1.0,0,0,4,7,1020,0,1948,0,122050,52.9557,-114.551,1430,8157,3,69,405000
383,6762822722,42497,3,2.75,2090,8354,2.0,0,0,3,8,2090,0,2012,0,122055,52.9636,-114.155,2280,6348,1,60,403000
384,6762822747,42497,3,2.5,1960,8000,1.0,0,0,4,7,1290,670,1977,0,122033,52.9549,-114.368,1960,8000,1,66,402000
385,6762823457,42497,3,1.75,1890,9920,1.0,0,0,3,7,1230,660,1944,0,122022,52.9627,-114.496,1380,9086,1,75,385000
386,6762823824,42497,6,2.25,3206,5793,2.0,0,0,3,7,3206,0,2012,0,122066,52.599,-114.477,2527,5804,3,77,375000
387,6762824560,42497,2,1.5,960,1808,2.0,0,0,3,7,960,0,1993,0,122044,52.8483,-114.488,1290,1668,2,68,358000
388,6762824832,42497,4,1.75,2250,13515,1.0,0,0,4,8,2150,100,1940,0,122065,52.6089,-114.419,2150,12508,1,58,350000
389,6762825043,42497,3,1.75,1590,9620,1.0,0,0,3,7,1590,0,1988,0,122015,52.7115,-114.342,2980,9398,2,66,349000
390,6762825083,42497,4,2.5,2460,7350,2.0,0,0,3,9,2460,0,1989,0,122018,52.5361,-114.539,2390,8568,2,76,347500
391,6762825552,42497,3,1.5,2240,87625,1.5,0,0,2,7,1480,760,1980,0,122023,52.5343,-114.284,1920,110206,2,63,335000
392,6762825746,42497,2,2.0,1550,435600,1.5,0,0,2,7,1550,0,1972,0,122008,52.7445,-114.043,1600,217800,3,75,330000
393,6762825986,42497,4,2.5,2320,6270,2.0,0,0,3,8,2320,0,2004,0,122035,52.5801,-114.33,2150,6270,2,51,325900
394,6762826223,42497,2,1.25,860,1277,2.0,0,0,3,7,860,0,2007,0,122054,52.8142,-114.504,1280,1265,2,52,321950
395,6762826837,42497,3,1.75,1890,1716,1.0,0,0,5,7,1890,0,1966,0,122035,52.6456,-114.339,1500,14536,2,74,307000
396,6762827311,42497,3,2.0,1240,10800,1.0,0,0,3,7,1240,0,1967,2010,122046,52.679,-114.345,1480,8840,2,74,297950
397,6762827349,42497,2,1.75,2200,89298,1.0,0,0,3,7,1100,1100,1973,0,122012,52.6933,-114.166,2590,89298,3,74,295000
398,6762827350,42497,3,2.5,1920,7229,2.0,0,0,3,8,1920,0,1993,0,122040,52.4959,-114.5,2310,8009,1,64,295000
399,6762828376,42497,4,2.5,1810,6509,2.0,0,0,3,7,1810,0,1994,0,122035,52.5831,-114.333,1760,7417,1,59,270000
400,6762828590,42497,3,2.5,1940,8547,1.0,0,0,3,7,1460,480,1989,0,122065,52.5791,-114.367,1750,7803,2,52,266000
401,6762828756,42497,4,2.5,2020,6236,2.0,0,0,3,7,2020,0,2002,0,122039,52.5096,-114.437,1940,5076,1,78,262000
402,6762828791,42497,4,1.5,2130,8800,1.0,0,0,3,7,1100,1030,1962,0,122066,52.613,-114.478,1480,8120,3,63,260000
403,6762828930,42497,4,1.75,1730,8320,1.0,0,0,3,7,1230,500,1977,0,122018,52.557,-114.551,1840,9800,2,53,258000
404,6762829435,42497,3,1.75,1390,7399,1.0,0,0,4,7,1390,0,1975,0,122067,52.6483,-114.372,1460,7800,1,71,246000
405,6762829455,42497,3,1.5,1260,7964,1.0,0,0,4,7,1260,0,1955,0,122060,52.6607,-114.524,1510,8776,3,70,245000
406,6762829790,42497,2,1.0,1270,3008,1.0,0,0,4,6,650,620,1923,0,122051,52.7651,-114.469,1270,1514,1,72,235000
407,6762829944,42497,3,1.75,950,6000,1.0,0,0,3,6,790,160,1939,0,122059,52.7571,-114.506,1360,6000,1,51,230000
408,6762829945,42497,3,1.0,1390,16000,1.0,0,0,4,6,1390,0,1960,0,122039,52.5198,-114.441,1420,10000,3,55,230000
409,6762830053,42497,3,2.5,1190,3000,2.0,0,0,3,7,1190,0,2002,0,122063,52.7233,-114.465,1190,3000,1,61,229000
410,6762830075,42497,4,1.75,2000,6120,1.0,0,0,3,7,1100,900,1965,0,122063,52.7335,-114.448,1880,6120,2,77,228000
411,6762830520,42497,4,1.0,2100,9200,1.0,0,0,3,7,1050,1050,1959,0,122056,52.706,-114.482,1540,10033,1,78,211000
412,6762830646,42497,3,1.0,1490,8995,1.0,0,0,4,7,1490,0,1954,0,122056,52.7201,-114.493,1490,9000,3,54,207000
413,6762830682,42497,2,1.0,720,5040,1.0,0,0,3,6,720,0,1955,0,122034,52.7567,-114.55,1357,5120,1,60,205000
414,6762831507,42497,2,1.5,980,5000,2.0,0,0,3,7,980,0,1922,2003,122041,52.9376,-113.549,1040,5000,1,70,134000
415,6762831612,42497,2,1.0,520,22334,1.0,0,0,2,5,520,0,1951,0,122056,52.7099,-114.486,1572,10570,2,69,82500
416,6762810135,42498,3,2.25,3000,11665,1.5,1,4,3,11,3000,0,2001,0,122020,52.8184,-114.276,3000,15959,2,72,2400000
417,6762810176,42498,5,6.5,7270,130017,2.0,0,0,3,12,6420,850,2010,0,122012,52.7671,-114.172,1800,44890,1,68,2240000
418,6762810365,42498,5,4.5,5190,5432,2.0,0,2,3,11,3390,1800,1987,2000,122057,52.8146,-114.413,4460,22748,1,64,1700000
419,6762810697,42498,4,2.75,3720,9450,1.0,0,4,5,10,1960,1760,1962,0,122027,52.7927,-114.346,2900,8605,3,75,1370000
420,6762811086,42498,4,4.25,5860,52889,2.0,0,0,4,10,4910,950,1996,0,122021,52.9545,-114.285,3320,39066,2,72,1160000
421,6762811582,42498,4,2.25,4230,37769,2.0,0,0,3,11,4230,0,1989,0,122037,52.9587,-114.267,3890,37034,3,68,985000
422,6762811939,42498,4,3.0,3750,11025,2.0,0,0,3,10,3750,0,1976,0,122019,52.8667,-114.249,2930,12835,2,57,920000
423,6762812447,42498,3,2.5,3560,107290,2.0,0,0,3,10,3560,0,1987,0,122045,52.8952,-114.239,3660,89298,1,69,851000
424,6762812596,42498,4,3.5,3810,13592,1.0,0,1,3,9,2560,1250,2013,0,122053,52.7434,-114.39,3230,9311,1,78,839900
425,6762812648,42498,4,2.75,3780,10308,2.0,0,0,3,10,3780,0,1999,0,122020,52.819,-114.173,3500,10740,2,52,833000
426,6762812964,42498,4,3.25,3540,159430,2.0,0,0,3,9,3540,0,2007,0,122041,52.8585,-114.089,1940,392040,2,67,800000
427,6762813195,42498,4,2.5,2830,20345,2.0,0,0,3,10,1980,850,1979,0,122048,52.8762,-114.381,2830,13732,2,80,782000
428,6762813396,42498,4,3.5,2730,3047,2.0,0,0,3,8,2400,330,2006,0,122009,52.8097,-114.581,1980,4600,2,70,769900
429,6762813413,42498,4,2.75,2790,10819,2.0,0,0,3,10,2790,0,1996,0,122012,52.7815,-114.27,3080,12603,2,61,765000
430,6762813532,42498,3,2.25,2950,78843,1.5,0,0,3,9,2950,0,2006,0,122020,52.8217,-114.258,3880,78843,1,63,759000
431,6762813758,42498,4,2.75,3100,3773,2.0,0,0,3,8,2000,1100,1919,1996,122044,52.8458,-114.481,2130,3777,3,79,742500
432,6762814293,42498,2,2.5,2200,188200,1.0,0,3,3,8,2200,0,2007,0,122068,52.4758,-114.192,2700,84942,1,78,705000
433,6762816084,42498,3,3.0,2480,45302,1.0,0,0,4,8,1620,860,1976,0,122037,52.9891,-114.263,1260,14100,2,76,610000
434,6762816237,42498,4,2.5,2260,7753,2.0,0,0,3,9,2260,0,1989,0,122011,52.8052,-114.185,2690,8924,2,72,604000
435,6762816548,42498,4,2.25,2430,32496,1.0,0,0,3,9,2430,0,1993,0,122037,52.9942,-114.238,2750,35506,3,53,590000
436,6762816668,42498,4,3.25,2400,29252,2.0,0,0,4,8,2400,0,1982,0,122021,52.973,-114.321,2280,45000,2,70,585000
437,6762816748,42498,4,2.5,2660,4000,2.0,0,0,3,8,2660,0,2001,0,122045,52.9176,-114.228,2330,4517,3,66,583000
438,6762816781,42498,4,2.5,2840,6268,2.0,0,0,3,9,2840,0,1998,0,122058,52.9686,-114.425,2790,6526,1,74,580000
439,6762817174,42498,3,2.25,1660,10140,1.0,0,0,4,8,1370,290,1980,0,122005,52.9189,-114.318,2100,10125,2,64,566000
440,6762817182,42498,4,2.25,2470,7447,2.0,0,0,3,8,2470,0,1984,0,122014,52.9814,-114.476,2270,7400,2,50,565000
441,6762817428,42498,4,2.5,2840,4500,2.0,0,0,3,8,2840,0,2012,0,122058,52.9978,-114.427,2840,4939,2,78,557000
442,6762817907,42498,4,2.5,2330,14289,2.0,0,0,4,8,2330,0,1978,0,122030,52.8216,-114.338,2210,12823,3,57,542500
443,6762818086,42498,4,1.75,2000,4000,1.5,0,0,5,7,1450,550,1926,0,122064,52.7959,-114.565,1430,4000,3,50,536500
444,6762818089,42498,3,1.75,1300,5413,1.5,0,0,3,7,1300,0,1925,1992,122006,52.9288,-114.51,1590,6380,1,74,536000
445,6762818218,42498,5,3.0,3480,57499,1.0,0,0,4,8,2340,1140,1976,0,122012,52.6874,-114.214,2020,40946,3,68,532000
446,6762818404,42498,3,2.5,2030,6970,2.0,0,0,4,8,2030,0,1991,0,122011,52.8018,-114.189,2000,6140,1,72,525000
447,6762818835,42498,3,2.0,1400,7293,1.0,0,0,4,7,1400,0,1963,0,122029,52.816,-114.31,1600,7960,1,54,511555
448,6762818980,42498,3,2.5,2100,5824,2.0,0,2,3,8,2100,0,1999,0,122008,52.7634,-114.057,1890,4140,1,67,505000
449,6762819453,42498,3,1.75,1750,11340,1.0,0,1,4,7,1300,450,1987,0,122019,52.8399,-114.248,2310,11340,3,76,491300
450,6762819464,42498,2,1.0,1840,3300,1.5,0,0,4,6,1130,710,1910,0,122026,52.9057,-114.552,1320,4000,1,53,490000
451,6762819748,42498,3,2.0,1410,4800,1.0,0,0,3,7,1410,0,1940,0,122007,52.9152,-114.568,1190,3840,2,51,481450
452,6762820264,42498,4,2.5,1930,9653,1.0,0,0,4,9,1930,0,1968,0,122018,52.5667,-114.525,2100,10454,1,51,465000
453,6762820383,42498,2,1.0,1150,4400,1.0,0,0,4,7,1150,0,1905,0,122047,52.8526,-114.482,1240,4400,1,64,463000
454,6762820433,42498,4,1.75,1750,5500,1.5,0,0,5,7,1050,700,1926,0,122007,52.9102,-114.578,1640,5500,1,58,460000
455,6762821052,42498,4,2.0,1650,6000,1.0,0,0,5,7,1000,650,1959,0,122054,52.8134,-114.497,1540,6000,1,65,445000
456,6762821053,42498,2,2.0,1150,6634,1.0,0,0,3,7,860,290,1940,0,122006,52.9301,-114.499,1680,6892,3,67,445000
457,6762821613,42498,4,2.25,2170,10500,1.0,0,2,4,8,1270,900,1960,0,122031,52.6694,-114.528,2080,11019,3,60,431000
458,6762821767,42498,3,1.0,1620,30736,1.5,0,0,4,7,1620,0,1911,1977,122027,52.8019,-114.309,2440,28826,2,52,428750
459,6762822268,42498,4,2.25,3060,48787,2.0,0,0,3,8,3060,0,1992,0,122062,52.5697,-114.108,2090,48787,1,65,415000
460,6762822734,42498,4,2.5,2600,11951,2.0,0,0,3,10,2600,0,1988,0,122018,52.5353,-114.53,2820,12093,3,71,402500
461,6762823420,42498,3,2.25,1445,1606,2.0,0,0,3,7,1300,145,2003,0,122012,52.7648,-114.262,1410,1286,3,53,387000
462,6762823591,42498,3,3.25,1410,1253,3.0,0,0,3,8,1410,0,2005,0,122028,52.9281,-114.53,1410,1253,2,72,382000
463,6762823809,42498,3,2.0,1340,1384,3.0,0,0,3,8,1340,0,2008,0,122028,52.9273,-114.54,1110,1384,3,74,376000
464,6762824404,42498,2,1.0,1420,81892,1.0,0,0,3,7,1180,240,1956,0,122042,52.6642,-114.385,1490,1863,2,73,360000
465,6762824801,42498,3,2.25,1640,11050,1.0,0,0,4,8,1640,0,1972,0,122015,52.7023,-114.311,1870,11050,2,58,352000
466,6762825517,42498,3,1.75,1780,120661,1.0,0,0,4,6,1780,0,1979,0,122055,53.0031,-114.087,1440,25000,2,63,336900
467,6762825747,42498,4,2.5,1940,3784,2.0,0,0,3,8,1940,0,2003,0,122046,52.6813,-114.309,1940,4499,2,71,330000
468,6762825993,42498,3,2.25,1352,1694,3.0,0,0,3,8,1352,0,2007,0,122022,52.9565,-114.505,1439,1387,2,68,325000
469,6762825994,42498,4,1.5,1470,70800,1.0,0,0,3,7,1470,0,1976,0,122062,52.5758,-114.138,1810,72337,1,56,325000
470,6762826170,42498,3,2.25,998,904,2.0,0,0,3,7,798,200,2007,0,122007,52.9283,-114.557,998,1110,1,71,324000
471,6762826183,42498,4,2.75,1970,7213,1.0,0,0,3,8,1170,800,1977,0,122046,52.6724,-114.316,1980,7045,3,67,323000
472,6762826240,42498,4,2.25,2310,7490,2.0,0,0,3,8,2310,0,1980,0,122042,52.6679,-114.382,2310,8480,1,55,320000
473,6762826462,42498,5,1.75,2320,8100,1.0,0,0,4,7,1160,1160,1956,0,122031,52.6931,-114.531,1410,7271,3,75,315000
474,6762826631,42498,4,2.25,1930,7452,1.0,0,0,3,7,1430,500,1984,0,122067,52.6398,-114.379,1714,7200,3,75,312000
475,6762826656,42498,4,2.25,2130,8078,1.0,0,0,4,7,1380,750,1977,0,122042,52.6782,-114.399,2300,8112,2,72,311100
476,6762826998,42498,3,1.5,1060,10464,1.0,0,0,4,7,1060,0,1973,0,122033,52.9613,-114.419,1420,10464,2,54,303500
477,6762827527,42498,4,2.5,2000,13300,1.0,0,0,4,7,1200,800,1968,0,122039,52.583,-114.484,1800,9810,3,57,290000
478,6762827904,42498,3,1.75,1390,8700,1.0,0,3,4,7,840,550,1912,0,122042,52.7025,-114.392,1390,10875,2,63,280950
479,6762827918,42498,4,2.0,2190,14439,1.0,0,0,4,7,1180,1010,1977,0,122039,52.5002,-114.48,2160,14439,2,65,280000
480,6762828164,42498,3,1.5,1390,48257,1.0,0,0,3,6,1390,0,1922,2013,122036,52.7903,-114.084,1440,45302,2,53,275000
481,6762828377,42498,3,1.5,1500,6337,1.0,0,0,5,7,1500,0,1953,0,122022,52.9576,-114.502,1420,6337,2,50,270000
482,6762828378,42498,3,2.0,1690,9583,1.0,0,0,4,7,1690,0,1969,0,122015,52.7125,-114.354,1690,9583,1,50,270000
483,6762828792,42498,3,2.0,1920,8075,1.0,0,0,4,7,1510,410,1969,0,122018,52.5392,-114.565,1920,7826,1,62,260000
484,6762828793,42498,3,2.5,1420,14850,1.0,0,0,4,7,1020,400,1963,0,122066,52.5961,-114.48,2060,8800,3,77,260000
485,6762829004,42498,2,1.0,960,28717,1.0,0,0,4,6,960,0,1984,0,122069,52.5656,-114.692,1860,28717,2,50,255000
486,6762829005,42498,2,1.0,810,7980,1.0,0,0,1,6,810,0,1928,0,122052,52.719,-114.527,1440,7980,2,64,255000
487,6762829097,42498,3,2.5,1850,4597,2.0,0,0,3,8,1850,0,2003,0,122035,52.6055,-114.326,2210,5000,3,78,254000
488,6762829137,42498,3,1.0,1030,6127,1.0,0,0,3,7,880,150,1947,0,122022,52.9492,-114.51,1610,6127,1,76,252500
489,6762829174,42498,3,1.75,1220,7250,1.0,0,0,3,7,1220,0,1962,0,122025,52.7187,-113.974,1700,15251,3,58,251000
490,6762829381,42498,4,3.0,2163,5883,2.0,0,0,3,7,2163,0,2006,0,122039,52.5034,-114.441,1700,10143,3,68,248000
491,6762829871,42498,3,1.0,1360,9948,1.0,0,0,3,6,1360,0,1977,0,122062,52.5722,-114.243,1670,8475,2,74,234950
492,6762830119,42498,3,2.5,2000,9202,2.0,0,0,4,7,2000,0,1992,0,122024,52.5816,-114.247,1750,7827,1,72,225000
493,6762830205,42498,4,1.0,1430,8355,1.5,0,0,4,7,1430,0,1983,0,122023,52.5478,-114.364,1550,7938,1,71,224500
494,6762830502,42498,2,1.5,1020,1525,2.0,0,0,3,7,1020,0,2004,0,122038,52.934,-114.537,1020,3844,3,70,212000
495,6762830765,42498,3,1.0,1160,8320,1.0,0,0,4,7,1160,0,1959,0,122066,52.6131,-114.478,1480,7800,1,71,201500
496,6762830909,42498,2,1.0,720,18000,1.0,0,0,3,6,720,0,1950,0,122063,52.7354,-114.451,1250,7925,1,56,195000
497,6762812241,42499,4,2.0,2520,6000,1.0,0,0,3,8,1400,1120,1921,2007,122028,52.9067,-114.54,1580,3720,2,75,875000
498,6762817744,42499,5,2.75,3060,7015,1.0,0,0,5,8,1600,1460,1979,0,122052,52.7352,-114.562,2190,7600,1,70,549900
499,6762823173,42499,3,2.5,1350,1250,3.0,0,0,3,8,1270,80,2006,0,122016,52.7791,-114.577,1350,886,2,78,394950
500,6762826241,42499,3,2.5,2130,6969,2.0,0,0,3,7,2130,0,2003,0,122024,52.5955,-114.217,1670,9545,2,55,320000
501,6762828607,42499,4,1.0,1940,9533,1.0,0,0,3,7,1080,860,1962,0,122067,52.6439,-114.398,1940,8839,2,63,265000
502,6762812556,42500,4,2.5,2160,5298,2.5,0,0,4,9,2160,0,1902,0,122044,52.8406,-114.5,1720,2283,1,67,842500
503,6762824180,42500,3,2.5,1370,1350,2.0,0,0,3,7,1010,360,2007,0,122016,52.7834,-114.572,1450,6000,2,61,368000
504,6762810472,42501,5,2.75,3650,20150,1.0,0,0,4,10,2360,1290,1975,0,122048,52.8515,-114.414,3220,19800,2,53,1580000
505,6762810715,42501,5,1.75,3380,20021,1.0,0,0,4,8,1690,1690,1963,0,122048,52.8695,-114.401,3260,19809,3,59,1350000
506,6762810768,42501,4,3.5,3460,3997,2.0,0,0,3,10,2560,900,2004,0,122028,52.9018,-114.519,1860,4000,1,74,1320000
507,6762810794,42501,4,3.25,2330,9687,2.0,0,3,3,9,2330,0,1918,0,122047,52.8564,-114.473,3880,9017,1,74,1300000
508,6762810875,42501,4,3.75,3490,9170,2.0,0,0,3,9,3490,0,2012,0,122048,52.8291,-114.39,1810,8470,1,58,1260000
509,6762810940,42501,4,4.5,5420,101930,1.0,0,0,3,11,3890,1530,2001,0,122045,52.8861,-114.195,4760,101930,3,59,1230000
510,6762810941,42501,4,2.25,3070,16028,1.0,0,3,3,9,1870,1200,1976,0,122057,52.7571,-114.418,3070,19822,3,62,1230000
511,6762810999,42501,3,1.75,1560,8078,1.5,1,4,4,6,1560,0,1928,0,122057,52.8079,-114.436,2890,16710,2,52,1200000
512,6762811266,42501,3,2.5,3720,11610,2.0,0,0,3,11,3720,0,1982,0,122019,52.866,-114.239,3530,11877,2,74,1080000
513,6762811337,42501,4,3.75,3280,11000,2.0,0,0,3,10,2320,960,2008,0,122010,52.9155,-114.391,2400,8351,2,64,1050000
514,6762811412,42501,4,3.25,3270,5187,2.0,0,0,3,9,3110,160,2014,0,122005,52.9266,-114.323,3600,5825,2,72,1030000
515,6762811437,42501,3,2.5,2920,34527,1.0,0,4,4,9,1800,1120,1954,1983,122009,52.8099,-114.59,2480,7933,3,66,1020000
516,6762811743,42501,5,3.0,4530,258746,1.5,0,0,4,9,3200,1330,2003,0,122037,53.0002,-114.256,3430,83199,1,79,950000
517,6762811798,42501,4,2.25,3290,12329,1.5,0,0,4,10,3290,0,1968,0,122057,52.7939,-114.406,3170,12329,2,80,947500
518,6762811799,42501,3,2.75,2980,27144,1.5,1,2,5,8,2180,800,1917,0,122031,52.6822,-114.568,1890,12514,1,73,947500
519,6762811886,42501,4,2.75,3300,12090,2.0,0,0,3,8,3300,0,1953,0,122048,52.8594,-114.408,3180,12239,1,55,927000
520,6762812000,42501,3,2.0,2700,6120,1.0,0,0,4,8,1350,1350,1962,0,122006,52.9031,-114.517,1700,4590,2,65,910000
521,6762812055,42501,4,3.25,4700,38412,2.0,0,0,3,10,3420,1280,1978,0,122049,52.8745,-114.357,3640,35571,3,51,900000
522,6762812184,42501,4,2.5,2830,5000,2.0,0,0,3,9,2830,0,1995,0,122004,52.8897,-114.48,1950,5000,3,67,885000
523,6762812239,42501,3,3.25,2170,12508,1.5,0,0,5,9,1650,520,1928,1970,122057,52.7965,-114.419,2720,21070,2,68,876650
524,6762812293,42501,4,2.5,2350,3150,1.5,0,0,4,8,1690,660,1910,0,122028,52.8905,-114.525,1750,3150,2,77,870300
525,6762812452,42501,4,1.75,2350,11914,1.0,0,0,4,8,2350,0,1961,0,122057,52.7692,-114.418,2240,10706,3,50,850000
526,6762812564,42501,4,2.75,2600,2750,1.5,0,0,3,7,1620,980,1936,0,122003,52.8713,-114.547,1960,3705,3,68,840000
527,6762812899,42501,5,4.5,4630,6324,2.0,0,0,3,9,3210,1420,2006,0,122008,52.7682,-114.05,4420,6790,3,77,809000
528,6762813146,42501,4,3.25,3680,5759,2.0,0,0,3,9,2840,840,2003,0,122012,52.7667,-114.257,3620,6006,3,72,788000
529,6762813362,42501,3,1.75,1720,5000,1.0,0,0,3,9,1720,0,1954,2014,122044,52.8457,-114.48,2120,4188,3,78,770000
530,6762813589,42501,4,2.5,3110,6142,2.0,0,0,3,9,3110,0,2004,0,122005,52.931,-114.301,3200,6826,2,76,751000
531,6762813602,42501,4,2.5,2980,4930,2.0,0,0,3,9,2890,90,2000,0,122027,52.7745,-114.31,2980,6099,2,58,750000
532,6762813724,42501,3,2.5,2620,8950,2.0,0,0,3,9,2620,0,1992,0,122027,52.7823,-114.309,2850,8809,2,66,746000
533,6762813877,42501,4,2.5,2760,5000,1.5,0,0,5,7,1680,1080,1928,0,122026,52.9026,-114.561,1850,5000,3,64,734200
534,6762814541,42501,4,2.5,2670,13463,2.0,0,0,4,9,2670,0,1989,0,122011,52.7927,-114.208,2560,10982,1,62,690000
535,6762814791,42501,4,3.0,2400,3340,1.0,0,0,4,7,1200,1200,1964,0,122026,52.8946,-114.555,1520,3758,3,58,675000
536,6762815047,42501,4,2.5,2550,10000,1.0,0,0,3,8,1290,1260,1964,0,122030,52.8508,-114.331,2270,8640,3,57,660000
537,6762815381,42501,4,2.5,3040,6887,2.0,0,0,3,8,3040,0,1999,0,122019,52.8373,-114.205,2790,7196,3,52,647000
538,6762815563,42501,3,2.5,1570,1433,3.0,0,0,3,8,1570,0,2010,0,122028,52.9158,-114.526,1570,2652,1,55,635000
539,6762815657,42501,4,2.0,1770,4166,2.0,0,0,5,7,1770,0,1911,1981,122032,52.8793,-114.591,1340,6000,2,55,630000
540,6762815881,42501,3,1.5,1620,6630,1.0,0,0,3,8,1280,340,1954,0,122007,52.9248,-114.584,1880,5100,3,55,620000
541,6762815989,42501,2,1.75,2040,4480,1.5,1,3,4,7,2040,0,1919,1990,122069,52.6279,-114.655,2040,35124,1,64,615000
542,6762816085,42501,4,3.0,2110,5000,1.5,0,2,4,7,1640,470,1930,0,122016,52.7495,-114.581,1380,5000,1,80,610000
543,6762816763,42501,4,1.75,2120,4650,1.0,0,1,3,7,1190,930,1951,0,122007,52.9264,-114.59,2070,6487,2,70,582000
544,6762817317,42501,3,2.0,2560,216777,1.0,0,0,3,8,2560,0,1986,0,122023,52.525,-114.276,2360,108463,2,69,560000
545,6762817938,42501,4,2.25,2540,228254,1.0,0,0,3,8,1450,1090,1990,0,122055,52.949,-114.102,1780,59241,1,76,540000
546,6762818572,42501,4,2.25,1800,8623,1.0,0,0,4,8,1360,440,1980,0,122010,52.922,-114.374,2370,8623,1,65,522000
547,6762818981,42501,4,1.75,1940,4800,1.0,0,0,5,7,1030,910,1922,0,122044,52.8354,-114.504,1450,4800,1,79,505000
548,6762818982,42501,4,2.5,2780,6369,1.0,0,0,3,8,1590,1190,1978,0,122033,52.9584,-114.406,2170,7490,3,78,505000
549,6762819075,42501,2,2.25,1290,1334,3.0,0,0,3,8,1290,0,2007,0,122026,52.9019,-114.572,1350,1334,1,53,500000
550,6762819228,42501,3,1.0,980,6380,1.0,0,0,3,7,760,220,1941,0,122006,52.922,-114.498,1390,6380,2,50,499950
551,6762819465,42501,2,2.5,1230,1391,2.0,0,0,3,8,870,360,2004,0,122047,52.8492,-114.491,1240,1350,2,55,490000
552,6762820265,42501,3,1.5,2020,11358,1.0,0,0,4,6,1190,830,1956,0,122010,52.8941,-114.375,2370,9520,2,62,465000
553,6762820698,42501,3,2.5,2010,2287,2.0,0,0,3,8,1390,620,2014,0,122011,52.7817,-114.188,1690,1662,1,59,453246
554,6762820768,42501,3,1.5,1770,17208,1.0,0,0,3,8,1160,610,1959,0,122027,52.7959,-114.307,2450,17118,3,50,450000
555,6762822057,42501,2,2.5,1480,1369,3.0,0,0,3,7,1480,0,2009,0,122005,52.906,-114.311,1390,1337,3,71,420000
556,6762822454,42501,3,2.25,2200,16921,2.0,0,0,3,8,2200,0,1987,0,122024,52.6027,-114.241,2060,16921,3,75,410000
557,6762823563,42501,4,2.5,2160,6223,2.0,0,0,3,8,2160,0,2010,0,122024,52.5794,-114.232,2160,5555,1,53,383000
558,6762824005,42501,5,3.0,2480,10090,1.0,0,0,3,7,1300,1180,2004,0,122063,52.7264,-114.453,2290,9900,1,69,372500
559,6762824160,42501,2,2.5,980,895,2.0,0,0,3,8,670,310,2009,0,122009,52.8174,-114.576,980,899,3,53,369000
560,6762824181,42501,3,1.0,1280,9898,1.0,0,0,3,7,1280,0,1968,0,122021,52.9977,-114.353,1290,9625,2,54,368000
561,6762824405,42501,4,2.0,1730,5500,1.0,0,0,5,7,1010,720,1943,0,122034,52.7604,-114.543,1080,4900,2,58,360000
562,6762824594,42501,4,2.5,2380,7066,2.0,0,0,4,7,2380,0,1997,0,122067,52.6282,-114.362,2310,8127,1,54,357000
563,6762824833,42501,2,1.0,910,4500,1.5,0,0,4,7,910,0,1906,0,122051,52.7933,-114.479,1270,3500,1,67,350000
564,6762825297,42501,3,1.5,1720,7119,1.5,0,0,4,7,1720,0,1952,0,122014,52.9835,-114.504,1590,7616,1,80,341000
565,6762825447,42501,3,1.0,1080,8100,1.0,0,0,4,7,1080,0,1955,0,122014,53.007,-114.497,1080,8100,2,61,339000
566,6762825553,42501,3,2.5,1940,4927,2.0,0,0,3,8,1940,0,2004,0,122046,52.6779,-114.31,2070,4892,2,68,335000
567,6762825748,42501,5,3.0,2100,4548,1.0,0,0,3,7,1250,850,2013,0,122056,52.7166,-114.509,2100,7959,2,61,330000
568,6762826459,42501,3,1.75,1440,8040,1.0,0,0,3,7,960,480,1951,0,122022,52.9428,-114.496,1500,8040,3,63,315275
569,6762827026,42501,5,2.25,2180,7813,2.0,0,0,3,7,2180,0,1986,0,122024,52.5951,-114.241,1880,8649,2,54,302000
570,6762827044,42501,2,1.5,830,1333,2.0,0,0,3,7,830,0,2005,0,122016,52.7806,-114.571,1120,4822,2,52,301500
571,6762827059,42501,2,1.75,1360,8100,1.0,0,0,3,7,860,500,1975,0,122050,52.9595,-114.549,1830,6766,3,72,300000
572,6762828379,42501,3,1.0,1830,8209,1.0,0,0,3,7,1830,0,1942,0,122058,52.9739,-114.418,2150,12000,3,75,270000
573,6762828608,42501,2,1.0,1290,2828,2.0,0,0,3,7,1290,0,2008,0,122045,52.9268,-114.215,1290,2628,1,71,265000
574,6762829006,42501,2,1.0,1220,2500,1.0,0,0,3,6,770,450,1910,0,122064,52.8027,-114.562,1540,3000,3,64,255000
575,6762829791,42501,1,1.0,810,2451,1.0,0,0,5,7,810,0,1941,0,122064,52.7488,-114.566,980,1198,1,55,235000
576,6762830120,42501,3,1.0,990,8012,1.0,0,0,4,7,990,0,1966,0,122046,52.6857,-114.371,1260,9060,3,79,225000
577,6762830521,42501,3,1.5,1350,7620,1.0,0,0,5,6,1350,0,1941,0,122031,52.6865,-114.54,1350,7620,1,75,211000
578,6762830532,42501,3,2.5,1040,2643,2.0,0,0,3,7,720,320,2004,0,122051,52.7465,-114.458,1540,5110,1,64,210000
579,6762830767,42501,3,1.0,1460,9750,1.0,0,0,4,7,1460,0,1969,0,122035,52.5542,-114.334,1270,9750,3,80,201000
580,6762830967,42501,2,1.0,700,10540,1.0,0,0,3,6,700,0,1953,0,122031,52.668,-114.526,890,10540,3,63,192000
581,6762831055,42501,3,1.5,1370,8470,1.0,0,0,4,7,1370,0,1961,0,122023,52.5174,-114.382,1710,8800,2,73,185000
582,6762831383,42501,3,1.0,970,8580,1.0,0,0,3,7,970,0,1959,0,122040,52.5663,-114.501,1430,11907,3,78,156000
583,6762831569,42501,3,1.0,1250,53143,1.0,0,0,5,6,1250,0,1945,0,122024,52.6535,-114.241,1820,217800,3,56,110000
584,6762810108,42502,4,2.5,5300,26211,2.0,1,2,2,10,4570,730,1923,0,122004,52.891,-114.459,3890,19281,1,79,2560000
585,6762810128,42502,5,4.0,4430,9000,2.0,0,0,3,10,4430,0,2013,0,122048,52.8468,-114.406,2470,9490,2,56,2450000
586,6762810129,42502,4,4.5,5030,11023,2.0,0,2,3,11,3250,1780,2008,0,122057,52.8022,-114.426,3640,11490,3,52,2450000
587,6762810260,42502,5,2.25,3120,16672,2.0,0,0,4,9,3120,0,1969,0,122048,52.8758,-114.409,3740,17853,3,51,1900000
588,6762810391,42502,5,3.25,4860,23723,2.0,0,2,4,11,3820,1040,1989,0,122057,52.8067,-114.405,4040,13860,3,74,1680000
589,6762810503,42502,5,3.25,3370,17458,1.0,0,2,5,10,2000,1370,1982,0,122057,52.7891,-114.419,4240,15202,2,77,1550000
590,6762810637,42502,5,4.25,3530,7924,2.0,0,0,3,10,3530,0,2001,0,122057,52.8194,-114.433,1750,9226,3,59,1400000
591,6762811191,42502,4,1.5,2740,4000,2.0,0,0,5,9,1930,810,1905,0,122061,52.8643,-114.542,1680,4000,3,60,1110000
592,6762811338,42502,4,3.25,4400,8400,2.0,0,0,3,11,4400,0,2003,0,122020,52.8168,-114.158,4440,15523,2,71,1050000
593,6762811620,42502,4,2.5,3490,7494,2.0,0,3,3,11,3490,0,2000,0,122027,52.789,-114.317,3260,8437,2,67,975000
594,6762812294,42502,4,2.5,3520,6773,2.5,0,0,3,9,2650,870,2006,0,122016,52.7617,-114.581,2930,6458,3,67,870000
595,6762812371,42502,4,2.5,3560,11119,1.0,0,2,3,10,2290,1270,1986,0,122048,52.8756,-114.38,3290,11385,3,52,860000
596,6762812797,42502,5,2.75,3150,7119,2.0,0,0,3,9,3150,0,2013,0,122005,52.9059,-114.341,1560,8384,1,52,819900
597,6762813033,42502,6,3.0,2890,2370,2.5,0,0,3,7,2290,600,1906,0,122013,52.8527,-114.513,2180,2460,2,66,799200
598,6762813212,42502,3,1.75,2340,10495,1.0,0,0,4,8,2340,0,1967,0,122057,52.7686,-114.416,3120,11068,1,79,780000
599,6762813274,42502,3,3.25,3610,59677,2.0,0,0,3,10,2440,1170,2003,0,122012,52.7764,-114.278,3130,65775,3,51,777000
600,6762813357,42502,3,2.25,1780,6120,1.5,0,0,4,9,1390,390,1927,0,122044,52.8325,-114.476,1960,5568,2,58,771000
601,6762813543,42502,3,3.25,3190,5283,2.0,0,0,3,9,3190,0,2007,0,122011,52.7834,-114.192,2950,5198,1,52,757000
602,6762814133,42502,3,1.5,1310,3880,1.0,0,0,3,7,1090,220,1956,0,122007,52.9121,-114.582,1570,3880,3,60,717000
603,6762814341,42502,3,2.5,2030,8398,2.0,0,0,4,9,2030,0,1975,0,122029,52.8572,-114.285,2450,8104,1,64,700000
604,6762814792,42502,4,2.5,3000,5548,2.0,0,0,3,9,3000,0,2006,0,122015,52.7699,-114.378,2870,5000,3,65,675000
605,6762814793,42502,5,3.0,3410,9600,1.0,0,0,4,8,1870,1540,1968,0,122005,52.8658,-114.293,2390,9679,2,62,675000
606,6762814967,42502,3,2.0,1940,5820,1.5,0,0,5,7,1150,790,1944,0,122026,52.8938,-114.552,990,3880,1,60,665000
607,6762815048,42502,4,3.5,3400,5196,2.0,0,0,3,9,3400,0,2012,0,122008,52.7469,-114.074,3170,5260,2,56,660000
608,6762815216,42502,4,2.5,2740,7140,2.0,0,0,3,8,2740,0,1993,0,122019,52.8634,-114.211,2260,7035,1,74,651000
609,6762815229,42502,4,2.5,2210,4861,2.0,0,0,3,9,2210,0,2013,0,122007,52.9259,-114.554,1590,5080,2,62,650000
610,6762815391,42502,3,2.5,1740,13750,2.0,0,0,4,9,1740,0,1975,0,122029,52.8564,-114.282,2540,14300,3,63,645000
611,6762815564,42502,4,1.75,1950,13320,1.0,0,0,4,8,1370,580,1969,0,122030,52.8496,-114.329,2120,12051,3,60,635000
612,6762815717,42502,4,2.0,2260,6000,1.0,0,0,3,8,1430,830,1958,0,122006,52.9176,-114.488,2030,5874,1,60,628000
613,6762815751,42502,3,3.5,1810,1846,2.0,0,0,4,8,1440,370,2009,0,122044,52.837,-114.495,1480,3600,1,76,625000
614,6762815882,42502,3,1.0,1710,4050,1.5,0,0,3,7,1710,0,1909,0,122028,52.9032,-114.521,1790,4896,3,64,620000
615,6762816544,42502,3,1.75,1680,2400,1.0,0,0,5,7,870,810,1922,0,122044,52.8455,-114.49,1440,3600,1,50,591000
616,6762816545,42502,4,2.25,2710,38180,2.0,0,0,4,8,2710,0,1977,0,122037,53.0,-114.287,2590,38180,2,63,591000
617,6762816770,42502,4,1.75,2090,8164,1.0,0,0,4,8,1070,1020,1963,0,122005,52.9015,-114.345,1310,7975,2,66,581000
618,6762816782,42502,5,2.0,2290,7125,1.0,0,0,3,7,1190,1100,1964,0,122029,52.864,-114.309,1460,7920,3,61,580000
619,6762816919,42502,3,1.75,1580,11750,1.0,0,0,4,7,1180,400,1951,0,122051,52.7668,-114.455,2150,11750,3,62,575000
620,6762817054,42502,3,2.0,1530,5401,1.0,0,0,4,7,1530,0,1937,0,122006,52.916,-114.494,1640,5467,1,54,570000
621,6762817318,42502,3,1.0,1440,5000,2.0,0,0,3,7,1440,0,1910,0,122028,52.9041,-114.544,1850,4500,1,60,560000
622,6762817572,42502,4,2.0,2250,7500,1.0,0,0,5,7,1200,1050,1956,0,122049,52.8177,-114.347,1440,7500,3,73,550000
623,6762817573,42502,7,4.0,3440,8100,2.0,0,0,3,7,3440,0,1970,0,122028,52.9281,-114.539,1420,1560,1,62,550000
624,6762818241,42502,2,2.0,1680,4950,1.0,0,0,3,8,1680,0,2006,0,122045,52.9494,-114.212,1570,4800,2,72,530000
625,6762818242,42502,3,1.75,1690,8190,1.0,0,0,4,8,1690,0,1958,0,122049,52.8157,-114.362,1840,8705,3,62,530000
626,6762818405,42502,5,3.0,2450,4591,2.0,0,0,3,7,2450,0,1994,0,122007,52.9128,-114.578,1060,5500,1,52,525000
627,6762818406,42502,3,3.5,2876,5086,2.0,0,0,3,8,2360,516,2007,0,122021,52.9811,-114.363,2390,4419,1,70,525000
628,6762818407,42502,3,2.5,1580,1161,2.0,0,0,3,8,1010,570,2008,0,122047,52.8506,-114.489,1680,1177,1,54,525000
629,6762818556,42502,3,1.5,1240,7735,1.0,0,0,4,7,1240,0,1957,0,122029,52.831,-114.312,1260,7500,1,54,523000
630,6762818983,42502,4,2.5,2790,5602,2.0,0,0,3,8,2790,0,2009,0,122015,52.7259,-114.34,2790,5309,1,69,505000
631,6762819047,42502,4,2.5,2040,5616,2.0,0,0,3,8,2040,0,2012,0,122058,53.0037,-114.428,2380,4737,2,72,502000
632,6762819761,42502,5,4.75,3830,35000,1.0,0,0,3,8,2130,1700,1976,0,122037,52.9897,-114.269,2750,36150,2,61,480000
633,6762819925,42502,4,2.5,3740,8700,1.0,0,0,3,10,2260,1480,2004,0,122046,52.6887,-114.307,2650,6333,1,68,475000
634,6762820266,42502,3,1.5,1270,5112,1.0,0,0,3,7,1270,0,1950,0,122006,52.906,-114.478,1580,5080,2,77,465000
635,6762820365,42502,5,2.5,3400,8970,1.0,0,0,4,8,1700,1700,1959,0,122038,52.9658,-114.525,1890,8475,1,80,464000
636,6762820434,42502,3,2.25,2350,10450,1.0,0,0,3,8,1390,960,1977,0,122058,52.9733,-114.449,2250,10450,2,69,460000
637,6762820606,42502,4,2.5,3360,7685,2.0,0,0,3,9,3360,0,2001,0,122046,52.6669,-114.301,3060,6567,3,67,455000
638,6762820769,42502,3,2.75,1250,892,2.0,0,0,3,8,1040,210,2010,0,122009,52.8126,-114.577,1250,1296,2,52,450000
639,6762820770,42502,3,2.25,2450,42180,1.0,0,0,4,7,2450,0,1978,2000,122035,52.5849,-114.301,1440,42180,1,72,450000
640,6762820961,42502,3,2.0,1770,6610,1.0,0,0,4,7,960,810,1954,0,122038,53.0003,-114.533,2010,4361,3,63,449500
641,6762821446,42502,4,2.25,2140,6355,2.0,0,0,3,7,2140,0,2002,0,122008,52.7667,-114.07,2480,5746,1,72,435000
642,6762822269,42502,3,1.75,1960,5000,1.0,0,0,5,6,980,980,1911,0,122059,52.7876,-114.507,1790,5000,3,61,415000
643,6762822400,42502,4,1.0,1410,6000,1.0,0,0,3,7,810,600,1925,0,122064,52.796,-114.563,1500,4800,3,80,413000
644,6762822623,42502,4,1.75,2180,13529,1.0,0,0,3,7,1090,1090,1956,0,122014,52.9816,-114.484,2000,13529,3,58,405000
645,6762823458,42502,3,2.0,1480,6600,1.0,0,2,3,7,740,740,1943,0,122052,52.7381,-114.575,1250,7300,2,58,385000
646,6762823825,42502,3,1.0,1190,9486,1.0,0,0,4,7,1190,0,1953,0,122031,52.6619,-114.529,2100,10400,3,54,375000
647,6762823993,42502,5,2.5,3001,5710,2.0,0,0,3,8,3001,0,2006,0,122035,52.6027,-114.367,2340,5980,1,77,373000
648,6762824049,42502,3,1.75,1650,8254,1.0,0,0,5,7,1060,590,1951,0,122014,52.9896,-114.494,2280,9450,3,52,370000
649,6762824724,42502,3,2.5,1490,1709,3.0,0,0,3,8,1490,0,2004,0,122022,52.9473,-114.489,1364,1709,1,69,354901
650,6762824834,42502,3,2.5,2010,14298,2.0,0,0,3,7,2010,0,1977,0,122069,52.7369,-114.662,2010,14298,3,72,350000
651,6762825132,42502,3,1.75,1090,7200,1.0,0,0,3,7,1090,0,1968,0,122033,52.9527,-114.369,1240,7200,2,63,345000
652,6762825749,42502,3,2.5,1450,5008,1.0,0,0,3,7,840,610,2007,0,122034,52.7735,-114.547,2120,5019,3,78,330000
653,6762826200,42502,3,2.0,1350,14200,1.0,0,0,3,7,1350,0,1989,0,122055,52.9615,-114.162,2100,15101,2,79,322500
654,6762826372,42502,3,1.0,1390,12823,1.0,0,0,4,7,1390,0,1968,0,122037,52.9738,-114.265,1390,10095,3,63,319000
655,6762827643,42502,3,1.0,1090,7315,1.0,0,0,5,6,1090,0,1981,0,122053,52.724,-114.355,1090,5800,3,77,289000
656,6762827683,42502,3,2.5,1950,8251,2.0,0,0,3,7,1950,0,1990,0,122039,52.573,-114.47,1540,8588,2,73,287600
657,6762827695,42502,3,2.25,1490,9600,1.0,0,0,4,7,1170,320,1987,0,122055,52.9678,-114.167,1590,10104,3,57,287000
658,6762827751,42502,3,1.0,1090,8640,1.0,0,0,4,6,1090,0,1973,0,122031,52.689,-114.545,1260,8400,1,52,285000
659,6762828308,42502,4,1.5,2180,22870,1.0,0,0,4,6,1280,900,1954,1975,122035,52.5487,-114.271,2420,22614,1,66,273000
660,6762828565,42502,4,2.25,2510,8165,1.0,0,0,4,7,1610,900,1972,0,122018,52.5392,-114.562,1940,8250,3,59,267345
661,6762829456,42502,5,1.75,2020,7902,1.0,0,0,3,7,1220,800,1962,0,122056,52.74,-114.517,2220,8819,3,66,245000
662,6762829699,42502,3,1.0,1900,33888,1.5,0,0,4,5,1900,0,1942,0,122039,52.5038,-114.461,1430,19200,2,80,239950
663,6762829946,42502,2,0.75,650,5360,1.0,0,0,4,5,650,0,1931,0,122038,52.9581,-114.525,1110,6700,1,52,230000
664,6762830121,42502,3,1.5,1250,7500,1.0,0,0,3,7,1250,0,1967,0,122065,52.6019,-114.405,1260,7563,2,72,225000
665,6762830122,42502,4,1.5,1950,12559,1.5,0,0,3,6,1950,0,1939,0,122070,52.6664,-114.472,1950,9178,1,51,225000
666,6762830123,42502,3,1.0,1040,6535,1.0,0,0,3,6,1040,0,1947,0,122056,52.7206,-114.496,1100,6535,2,62,225000
667,6762830124,42502,3,1.0,1660,7210,1.0,0,0,3,7,1100,560,1963,0,122039,52.5694,-114.471,1660,7245,2,51,225000
668,6762831389,42502,2,1.0,910,6232,1.0,0,0,3,6,910,0,1943,0,122051,52.7628,-114.462,1070,6232,3,62,155000
669,6762831600,42502,2,1.0,790,2640,1.0,0,0,3,7,790,0,1973,0,122033,52.9651,-114.368,1310,2064,3,76,90000
670,6762810277,42503,4,2.75,3260,19542,1.0,0,0,4,10,2170,1090,1968,0,122071,52.8545,-114.426,3480,19863,3,78,1880000
671,6762810638,42503,3,2.5,2550,7200,2.0,0,2,3,10,2550,0,1981,2013,122054,52.8296,-114.478,2030,3500,2,77,1400000
672,6762810964,42503,4,3.5,4910,9444,1.5,0,0,3,11,3110,1800,2007,0,122019,52.8802,-114.256,4560,11063,2,52,1220000
673,6762811178,42503,4,2.25,4470,60373,2.0,0,0,3,11,4470,0,1988,0,122021,52.9589,-114.317,3210,40450,3,67,1120000
674,6762811315,42503,4,2.0,2290,11137,1.0,0,0,4,8,2290,0,1955,0,122048,52.8187,-114.391,2300,10463,2,68,1060000
675,6762811680,42503,5,4.5,3810,8019,2.0,0,0,3,10,3810,0,2008,0,122019,52.8215,-114.248,3390,7713,1,53,966000
676,6762811728,42503,5,2.25,2510,9887,2.0,0,0,3,8,2510,0,1972,0,122057,52.7639,-114.413,2510,10006,3,69,955000
677,6762811744,42503,4,2.5,3320,7644,2.0,0,0,3,10,3320,0,1995,0,122027,52.7841,-114.296,3320,9472,3,54,950000
678,6762811868,42503,3,2.5,3100,20553,1.0,0,0,3,10,3100,0,1954,0,122050,52.9935,-114.567,3000,22302,3,50,930000
679,6762811893,42503,4,2.5,2190,7350,2.5,0,0,5,8,2190,0,1958,0,122057,52.8086,-114.426,1880,7350,1,80,925000
680,6762812953,42503,3,2.5,2580,13096,2.0,0,0,3,9,2580,0,1986,0,122005,52.8916,-114.334,2580,7988,2,55,802000
681,6762812965,42503,3,1.0,1700,4400,1.5,0,0,4,8,1700,0,1906,0,122044,52.842,-114.482,1610,4180,3,71,800000
682,6762813345,42503,3,2.75,2470,3600,2.0,0,0,3,9,2470,0,2007,0,122011,52.7706,-114.184,2570,3600,3,60,773000
683,6762813410,42503,3,2.5,3030,30007,1.5,0,0,4,10,3030,0,1992,0,122037,52.973,-114.226,3360,34983,2,53,766950
684,6762813767,42503,5,5.0,5774,31675,1.0,0,2,3,11,4490,1284,1984,0,122040,52.5766,-114.513,3260,13200,3,54,740000
685,6762813768,42503,4,2.5,3430,10157,2.0,0,0,3,10,3430,0,2000,0,122033,52.953,-114.348,3480,10157,3,58,740000
686,6762814048,42503,4,2.5,2700,4004,2.0,0,0,3,9,2700,0,2004,0,122011,52.7821,-114.185,2260,4459,2,59,723000
687,6762814151,42503,4,2.25,2060,5649,1.0,0,0,5,8,1360,700,1941,0,122032,52.8796,-114.597,2060,5626,2,78,715000
688,6762814279,42503,4,3.25,3200,7081,2.0,0,0,3,9,3200,0,2004,0,122020,52.8186,-114.179,3120,6094,1,54,707000
689,6762814330,42503,3,1.5,2360,6750,2.0,0,0,5,7,1930,430,1926,0,122028,52.9223,-114.522,1320,4500,1,53,702500
690,6762814678,42503,3,1.75,1830,5120,1.5,0,2,5,8,1830,0,1903,0,122044,52.8351,-114.501,2120,5120,2,61,682000
691,6762815626,42503,4,2.5,2470,33305,2.0,0,0,3,9,2470,0,1993,0,122045,52.8603,-114.18,2440,33305,3,68,633100
692,6762815752,42503,4,2.75,1680,11180,1.0,0,0,4,7,1680,0,1966,0,122005,52.8857,-114.317,2400,9627,2,72,625000
693,6762815883,42503,5,2.5,2540,3832,2.0,0,0,5,8,1760,780,1929,0,122007,52.9148,-114.588,2000,5289,3,54,620000
694,6762816155,42503,5,1.75,2220,6000,1.5,0,0,3,7,1420,800,1923,0,122032,52.878,-114.574,1550,1715,3,78,607500
695,6762816759,42503,2,1.5,1159,4800,1.0,0,0,3,7,1159,0,1948,0,122032,52.8892,-114.589,1640,4800,3,64,582500
696,6762817183,42503,4,2.5,2240,14667,2.0,0,0,4,9,2240,0,1989,0,122015,52.7576,-114.351,2410,11243,3,67,565000
697,6762817289,42503,3,1.5,1830,8000,1.0,0,0,4,7,1830,0,1957,0,122029,52.8317,-114.312,1310,7500,3,56,562000
698,6762817805,42503,3,1.75,2000,5000,1.0,0,0,4,7,1110,890,1921,0,122007,52.9159,-114.589,1750,5000,3,56,546000
699,6762817896,42503,3,2.5,2090,7640,1.0,0,0,3,7,1360,730,1962,2014,122038,52.9669,-114.528,2090,7668,2,59,543000
700,6762817897,42503,2,2.0,2370,217800,1.5,0,0,3,7,1600,770,1992,0,122012,52.7307,-114.278,2370,157687,2,80,543000
701,6762817915,42503,4,1.75,1900,8250,1.0,0,0,4,7,950,950,1955,0,122027,52.8065,-114.337,1480,8360,2,78,542000
702,6762818057,42503,3,1.75,1400,3825,1.5,0,0,4,6,1100,300,1904,0,122007,52.9093,-114.583,1720,5100,1,62,538000
703,6762818243,42503,4,2.75,2450,15002,1.0,0,0,5,9,2450,0,1974,0,122031,52.6568,-114.533,2650,15055,1,55,530000
704,6762818408,42503,3,1.75,1600,6120,1.5,0,0,3,7,1600,0,1924,0,122006,52.9147,-114.481,1670,4590,3,52,525000
705,6762818839,42503,3,2.5,1820,4883,2.0,0,0,3,9,1820,0,2005,0,122058,52.9655,-114.414,2720,5002,3,70,511000
706,6762818847,42503,3,1.75,2170,54014,1.0,0,0,3,8,1450,720,1986,0,122019,52.8447,-114.235,2090,29075,2,75,510000
707,6762819265,42503,3,2.0,2090,42689,1.5,0,0,3,7,2090,0,1959,1998,122062,52.5797,-114.134,1890,18276,3,70,499000
708,6762819300,42503,4,2.75,2270,7375,1.0,0,0,4,7,1290,980,1973,0,122033,52.9522,-114.358,1750,7760,1,74,498000
709,6762819564,42503,3,2.75,1850,9600,1.5,0,0,5,7,1850,0,1965,0,122033,52.9559,-114.416,1250,10500,2,80,489200
710,6762819613,42503,4,2.5,2150,39449,1.0,0,0,3,7,1420,730,1978,0,122036,52.7831,-114.082,2010,35717,3,68,486000
711,6762820115,42503,4,2.5,2310,14023,2.0,0,0,3,9,2310,0,1991,0,122055,52.9651,-114.154,2410,14007,2,69,470000
712,6762820553,42503,3,1.0,1660,7500,1.0,0,0,4,7,1060,600,1940,0,122022,52.9405,-114.496,1450,7500,2,70,458000
713,6762820771,42503,3,2.5,2910,17172,2.0,0,0,3,10,2910,0,1989,0,122040,52.5089,-114.521,2910,20048,2,64,450000
714,6762821404,42503,3,2.75,2580,5200,2.0,0,0,3,8,2580,0,2008,0,122015,52.726,-114.341,2700,5602,3,59,437000
715,6762822058,42503,4,2.5,3040,24123,2.0,0,0,3,8,3040,0,1999,0,122023,52.4967,-114.406,2420,10026,2,74,420000
716,6762822618,42503,2,1.0,840,3522,1.0,0,0,3,6,840,0,1947,0,122032,52.8875,-114.585,1390,4800,3,69,405100
717,6762822794,42503,2,1.0,980,2130,1.0,0,0,4,6,860,120,1918,0,122007,52.9069,-114.556,980,2800,2,51,400000
718,6762823180,42503,2,1.0,830,4000,1.0,0,0,3,6,830,0,1955,0,122007,52.9229,-114.569,950,4000,2,68,394475
719,6762823459,42503,4,1.75,1620,4980,1.0,0,0,4,7,860,760,1947,0,122038,52.9325,-114.531,1400,4980,1,52,385000
720,6762824004,42503,3,2.5,1690,1618,2.0,0,0,3,8,1150,540,2014,0,122011,52.7818,-114.188,1690,1618,1,55,372977
721,6762824014,42503,3,1.0,1290,5500,1.0,0,0,3,7,980,310,1951,0,122016,52.7566,-114.582,1680,5000,2,73,372220
722,6762824335,42503,4,1.75,2010,8625,1.0,0,0,4,7,1340,670,1957,0,122038,52.9796,-114.545,1500,8400,1,61,364000
723,6762824613,42503,3,3.5,2100,12384,2.0,0,0,3,9,2100,0,1980,0,122070,52.6987,-114.453,2400,7776,3,55,356000
724,6762825005,42503,5,3.0,2257,10117,1.0,0,0,3,8,1363,894,2005,0,122070,52.6824,-114.474,1540,10700,3,53,349950
725,6762825133,42503,3,2.25,2120,15003,2.0,0,0,3,7,2120,0,1984,0,122015,52.7045,-114.31,2070,15203,1,74,345000
726,6762825313,42503,3,2.25,1970,3716,2.0,0,0,3,7,1970,0,1997,0,122053,52.7207,-114.357,1780,3716,1,71,340000
727,6762825421,42503,3,1.0,1050,5402,1.5,0,0,4,7,1050,0,1906,0,122054,52.8167,-114.501,1510,4685,1,75,339950
728,6762825494,42503,5,2.0,1700,7314,1.0,0,0,3,7,1000,700,1956,0,122059,52.779,-114.495,2000,7176,3,67,337500
729,6762825995,42503,3,2.5,2220,6049,2.0,0,0,4,8,2220,0,1990,0,122067,52.6272,-114.372,1980,7226,1,57,325000
730,6762826418,42503,3,2.5,1840,5011,2.0,0,0,3,8,1840,0,2012,0,122024,52.5855,-114.244,2000,4793,3,58,317000
731,6762826439,42503,4,2.5,2010,7226,2.0,0,0,3,8,2010,0,1995,0,122023,52.4888,-114.4,2160,7696,1,80,316000
732,6762826677,42503,3,1.0,1050,9876,1.0,0,0,3,7,1050,0,1953,0,122058,52.9935,-114.452,1760,9403,3,68,310000
733,6762826678,42503,3,1.0,1480,7830,1.0,0,0,3,7,1480,0,1952,0,122038,53.0003,-114.526,1450,7830,3,64,310000
734,6762826860,42503,3,1.5,1220,1086,3.0,0,0,3,8,1220,0,2007,0,122038,52.9349,-114.543,1220,1422,3,72,306000
735,6762826882,42503,3,1.75,2110,10200,2.0,0,0,4,7,2110,0,1966,0,122015,52.7044,-114.344,1800,10200,3,50,305495
736,6762826886,42503,4,1.5,1590,131551,1.0,0,3,4,7,1590,0,1966,0,122068,52.4858,-114.214,2280,108028,3,69,305000
737,6762827060,42503,3,1.0,1260,8280,1.0,0,0,3,6,1260,0,1946,0,122006,52.93,-114.489,2100,8280,3,80,300000
738,6762827248,42503,2,1.75,1250,34395,1.0,0,0,4,7,1250,0,1950,0,122040,52.5102,-114.506,1910,26042,2,71,299000
739,6762828552,42503,2,1.0,700,6000,1.0,0,0,4,6,700,0,1949,0,122014,52.9815,-114.506,920,6000,1,62,267800
740,6762828591,42503,3,2.5,1780,7214,1.0,0,0,4,7,1400,380,1986,0,122065,52.5967,-114.372,1520,7228,1,55,266000
741,6762828609,42503,3,2.0,1570,5706,1.0,0,0,3,7,1570,0,1998,0,122023,52.5456,-114.378,1570,5706,3,58,265000
742,6762828957,42503,3,2.0,1850,8250,1.0,0,0,4,7,1150,700,1952,0,122072,52.5366,-114.399,1580,7153,1,55,257200
743,6762829121,42503,4,2.5,2230,4541,2.0,0,0,3,7,2230,0,2006,0,122035,52.6148,-114.29,2800,4860,3,56,253000
744,6762829882,42503,4,2.0,1630,9010,1.0,0,0,4,7,1050,580,1975,0,122023,52.547,-114.386,1670,7820,3,70,234000
745,6762830220,42503,3,1.75,1340,7473,1.0,0,0,4,7,1340,0,1973,0,122072,52.5387,-114.396,1510,8240,1,55,223000
746,6762830413,42503,2,1.0,1240,7200,1.0,0,0,3,7,1240,0,1967,0,122056,52.7271,-114.472,1130,9200,2,60,215000
747,6762831183,42503,2,1.0,1170,8925,1.0,0,2,3,6,1170,0,1911,0,122043,52.6317,-114.511,1380,7440,1,77,175000
748,6762831338,42503,3,1.0,860,11900,1.0,0,0,4,6,860,0,1963,0,122065,52.5874,-114.376,1660,10248,1,60,160000
749,6762831390,42503,2,1.0,700,5200,1.0,0,0,5,6,700,0,1952,0,122053,52.7224,-114.365,1030,5200,3,71,155000
750,6762831488,42503,3,1.0,1100,17334,1.0,0,0,3,7,1100,0,1978,0,122039,52.5303,-114.46,1530,18694,3,75,139000
751,6762810208,42504,4,1.75,3550,19865,2.0,0,0,3,9,3550,0,1962,2002,122071,52.8536,-114.425,3000,19862,2,79,2100000
752,6762810876,42504,4,2.5,3200,7535,2.0,0,0,3,9,3200,0,2006,0,122004,52.896,-114.466,1650,6850,3,56,1260000
753,6762811105,42504,4,3.5,4210,10308,2.0,0,0,3,10,4210,0,2006,0,122029,52.8205,-114.307,3860,10200,2,71,1150000
754,6762811249,42504,4,3.25,3740,12080,1.0,0,0,3,10,2000,1740,1988,0,122037,52.9514,-114.246,4210,15277,1,68,1090000
755,6762811478,42504,5,4.25,3920,16258,2.0,0,0,3,9,2900,1020,1990,0,122048,52.8171,-114.382,2540,12131,3,77,1000000
756,6762811989,42504,4,2.5,3950,10856,3.0,0,0,3,10,3950,0,2013,0,122020,52.8118,-114.186,3200,10856,3,76,914500
757,6762812565,42504,4,1.75,2930,11562,1.0,0,3,3,9,1670,1260,1947,0,122007,52.9065,-114.594,2530,6517,2,80,840000
758,6762812599,42504,3,1.0,1230,12305,1.0,0,0,3,7,1230,0,1955,1990,122048,52.8395,-114.385,2100,7960,1,78,839000
759,6762812694,42504,4,3.5,3930,5680,2.0,0,1,3,9,2820,1110,2013,0,122012,52.7828,-114.266,3700,5816,3,69,828950
760,6762812796,42504,5,2.75,3030,10335,2.0,0,0,3,9,3030,0,2013,0,122053,52.7605,-114.374,2720,11213,3,51,819995
761,6762812946,42504,4,2.5,3310,5404,2.0,0,0,3,9,3310,0,2004,0,122005,52.8935,-114.273,2600,4730,3,72,803100
762,6762813106,42504,3,1.75,1790,6117,1.0,0,2,3,8,1350,440,1940,0,122032,52.8666,-114.591,1960,5554,2,54,790000
763,6762813414,42504,5,3.75,3580,14275,2.0,0,0,3,10,3190,390,1999,0,122012,52.7622,-114.246,2740,14300,3,65,765000
764,6762813702,42504,4,2.5,3240,20301,2.0,0,0,3,10,3240,0,1985,0,122005,52.949,-114.304,3010,23650,3,74,749400
765,6762813750,42504,4,3.0,1980,5352,2.5,0,0,3,8,1980,0,1941,2005,122016,52.762,-114.575,1680,5352,1,66,744000
766,6762814070,42504,3,2.5,3150,151588,2.0,0,0,3,9,3150,0,2007,0,122036,52.802,-114.116,2410,208652,1,62,720000
767,6762814484,42504,4,3.0,3150,9130,2.0,0,0,3,9,3150,0,2001,0,122020,52.8274,-114.207,2970,6228,3,60,695000
768,6762814485,42504,3,2.5,4560,17622,2.0,0,0,4,9,3800,760,1986,0,122019,52.851,-114.22,2360,15000,1,54,695000
769,6762814585,42504,4,3.25,2740,7266,2.0,0,0,3,9,2060,680,2003,0,122012,52.7646,-114.256,3030,6546,2,69,689900
770,6762815463,42504,4,2.0,2560,7798,1.0,0,0,4,7,1890,670,1947,0,122006,52.9214,-114.486,1330,7798,3,50,640000
771,6762815884,42504,4,2.5,2680,9185,2.0,0,0,3,9,2680,0,1989,0,122011,52.8038,-114.182,2810,8505,3,53,620000
772,6762816051,42504,4,2.0,1550,4815,1.5,0,0,3,7,1550,0,1909,0,122028,52.897,-114.526,1680,4013,3,59,613000
773,6762816527,42504,4,2.5,2240,12032,1.0,0,0,3,9,2240,0,1983,0,122019,52.8443,-114.207,2520,12368,3,80,592500
774,6762816669,42504,5,1.75,2000,3750,2.0,0,0,4,7,2000,0,1921,0,122028,52.8918,-114.545,1520,3750,1,79,585000
775,6762816758,42504,4,2.75,2550,7636,1.0,0,0,3,8,1440,1110,1986,0,122019,52.8771,-114.25,2290,8223,1,78,582800
776,6762816778,42504,3,2.5,2360,4638,2.0,0,3,3,9,2360,0,1996,0,122006,52.9137,-114.511,1620,4638,3,68,580050
777,6762816920,42504,2,1.0,1490,6000,1.0,0,0,3,7,1090,400,1946,0,122047,52.8596,-114.49,1590,6000,2,75,575000
778,6762816921,42504,4,2.5,3020,17810,1.0,0,0,3,9,1600,1420,1979,0,122014,53.0035,-114.471,2500,15815,3,59,575000
779,6762817574,42504,3,2.25,1980,40887,1.0,0,0,4,8,1980,0,1980,0,122005,52.8778,-114.219,2460,35700,3,52,550000
780,6762818409,42504,3,2.5,2700,7434,2.0,0,0,3,9,2700,0,1991,0,122021,52.9734,-114.364,2660,8405,3,76,525000
781,6762818821,42504,3,2.5,1840,2875,2.0,0,0,4,7,1840,0,1997,0,122009,52.792,-114.583,1240,5750,1,68,512500
782,6762819313,42504,4,2.5,2240,7200,2.0,0,0,3,8,2240,0,1995,0,122051,52.7936,-114.465,1860,6600,1,74,497000
783,6762819345,42504,4,2.0,2050,4000,1.5,0,0,5,7,1210,840,1941,0,122054,52.8099,-114.496,1310,4000,2,55,495000
784,6762819926,42504,7,3.5,2870,29699,1.0,0,0,3,7,1520,1350,1961,0,122022,52.9453,-114.517,1380,7555,3,57,475000
785,6762820230,42504,3,1.0,1660,6582,1.0,0,0,5,7,1000,660,1946,0,122038,52.9469,-114.543,1110,6584,3,59,467000
786,6762820258,42504,3,1.5,1260,10350,1.0,0,0,3,7,1260,0,1959,0,122029,52.8657,-114.313,1800,10350,3,78,465750
787,6762820267,42504,3,1.75,1410,6886,1.0,0,0,3,7,1410,0,1924,2013,122038,52.9483,-114.543,1410,6561,2,70,465000
788,6762820607,42504,3,2.5,1870,7344,1.0,0,0,3,8,1470,400,1980,0,122033,52.9565,-114.396,1930,7344,1,68,455000
789,6762820748,42504,2,1.0,1320,4520,1.0,0,1,3,6,1320,0,1912,1971,122009,52.7955,-114.584,1420,4560,3,71,451555
790,6762821633,42504,3,2.0,1510,7066,1.0,0,2,3,7,1230,280,1973,0,122022,52.9353,-114.493,1950,8089,2,55,430000
791,6762822013,42504,4,1.75,1880,7303,1.0,0,0,3,7,1010,870,1976,0,122033,52.9429,-114.393,1710,7200,3,59,423000
792,6762822059,42504,3,2.0,1640,9972,1.0,0,0,4,7,1640,0,1977,0,122020,52.8112,-114.192,1680,10165,2,60,420000
793,6762822228,42504,3,1.5,1340,10224,1.0,0,0,4,7,1340,0,1956,0,122027,52.8052,-114.347,1340,10440,3,65,417000
794,6762822406,42504,3,1.5,1490,8475,1.0,0,0,4,7,1490,0,1963,0,122005,52.8871,-114.323,1490,8540,1,70,412500
795,6762822795,42504,3,1.0,1630,10304,1.0,0,0,5,7,1630,0,1953,0,122014,52.9848,-114.507,1480,8515,1,78,400000
796,6762823099,42504,3,1.5,1120,7000,1.0,0,0,3,7,1120,0,1955,0,122030,52.8287,-114.336,1470,7950,2,70,395300
797,6762823246,42504,3,2.5,2240,10800,2.0,0,0,3,8,2240,0,1996,0,122058,52.9733,-114.419,1900,9900,2,69,390000
798,6762823438,42504,3,2.5,1720,3600,2.0,0,0,3,7,1720,0,2010,0,122045,52.9156,-114.203,1720,3600,1,63,386380
799,6762823826,42504,4,1.75,1890,8000,1.0,0,0,4,7,1250,640,1960,0,122038,52.9876,-114.523,1870,8270,3,74,375000
800,6762824050,42504,4,2.5,2710,5880,2.0,0,0,3,9,2710,0,1998,0,122023,52.5614,-114.362,2520,6000,3,72,370000
801,6762824835,42504,3,1.75,1680,250470,1.0,0,0,4,7,1070,610,1940,0,122055,52.9924,-114.12,1680,360000,3,66,350000
802,6762825006,42504,3,1.0,1400,7066,1.0,0,0,3,8,1400,0,1957,0,122022,52.9427,-114.515,1400,7320,2,61,349950
803,6762825007,42504,3,2.5,1700,7496,2.0,0,0,3,8,1700,0,1994,0,122042,52.662,-114.379,2280,7496,3,67,349950
804,6762825232,42504,3,2.5,1232,1130,3.0,0,0,3,7,1232,0,2007,0,122022,52.9485,-114.507,1232,1202,1,68,344000
805,6762825247,42504,4,1.75,2290,10290,1.0,0,0,3,7,1340,950,1960,0,122052,52.7345,-114.559,1800,7605,3,53,343000
806,6762825271,42504,3,2.25,1180,9630,2.0,0,0,3,7,1180,0,1986,0,122058,52.9652,-114.422,2660,5979,1,53,342400
807,6762825314,42504,3,1.75,1960,8136,1.0,0,0,3,7,980,980,1948,0,122034,52.7508,-114.554,1070,7480,1,59,340000
808,6762825554,42504,3,2.25,2150,30476,2.0,0,0,3,7,2150,0,1991,0,122070,52.6905,-114.467,2010,10800,1,69,335000
809,6762826434,42504,4,2.5,2150,6807,2.0,0,0,4,8,2150,0,1991,0,122067,52.6353,-114.379,1910,7240,2,52,316500
810,6762826618,42504,2,1.0,880,6345,1.0,0,0,3,7,880,0,1919,0,122034,52.7641,-114.548,1440,6345,3,52,312500
811,6762826632,42504,3,2.25,1490,974,2.0,0,0,3,7,1220,270,2009,0,122034,52.7867,-114.553,1490,1283,2,78,312000
812,6762827027,42504,4,1.75,2020,7865,1.0,0,0,4,7,1010,1010,1963,0,122015,52.7308,-114.352,1650,7865,1,58,302000
813,6762827061,42504,3,1.0,1220,13000,1.0,0,0,4,7,1220,0,1955,0,122038,52.9908,-114.543,1510,12600,3,69,300000
814,6762827351,42504,3,1.5,850,2500,1.0,0,0,3,7,850,0,1986,0,122034,52.7977,-114.55,850,5000,3,61,295000
815,6762827919,42504,3,1.0,1330,20562,1.5,0,0,3,5,1330,0,1959,0,122025,52.7107,-113.965,1350,20562,2,71,280000
816,6762828165,42504,4,2.5,1840,1562,2.0,0,0,3,7,1400,440,2004,0,122034,52.7645,-114.554,1840,1766,2,61,275000
817,6762828380,42504,3,1.0,1010,9514,1.0,0,0,3,7,1010,0,1969,0,122015,52.7236,-114.295,1010,9514,1,59,270000
818,6762828733,42504,3,2.25,1590,7748,2.0,0,0,4,7,1590,0,1991,0,122040,52.5157,-114.49,1590,7606,3,76,263000
819,6762828980,42504,3,2.5,1690,5025,2.0,0,0,3,8,1690,0,2003,0,122018,52.5079,-114.537,2550,5001,2,71,256883
820,6762829007,42504,4,2.5,2070,7800,2.0,0,0,3,8,2070,0,1989,0,122040,52.5787,-114.505,1950,7815,1,69,255000
821,6762829147,42504,3,2.0,1650,7352,1.0,0,0,3,7,1160,490,1979,0,122046,52.6912,-114.359,1710,7350,1,52,252350
822,6762829192,42504,3,1.0,1230,10350,1.0,0,0,4,7,1230,0,1957,0,122042,52.658,-114.389,1510,10427,1,74,250000
823,6762829457,42504,3,1.75,1490,6930,1.0,0,0,4,7,1490,0,1990,0,122065,52.5982,-114.369,1880,6861,2,77,245000
824,6762829618,42504,3,2.0,1400,6200,1.0,0,0,3,6,700,700,1948,0,122038,52.9934,-114.53,1410,7564,3,78,240000
825,6762830125,42504,3,2.0,1400,7384,1.0,0,0,3,7,1150,250,1979,0,122046,52.6955,-114.364,1820,7992,2,55,225000
826,6762830377,42504,3,1.0,1040,5000,1.0,0,0,3,7,1040,0,1959,0,122052,52.7422,-114.548,1440,5000,2,73,217450
827,6762830414,42504,3,1.0,1160,10384,1.0,0,0,4,6,1160,0,1969,0,122024,52.5934,-114.217,1200,9880,3,79,215000
828,6762830729,42504,4,2.0,1670,9987,1.0,0,0,3,7,1670,0,1967,0,122039,52.5706,-114.474,1640,7280,3,76,204700
829,6762830885,42504,3,1.0,980,3090,1.5,0,0,3,6,980,0,1903,0,122051,52.7825,-114.467,980,3090,1,78,197500
830,6762830979,42504,3,1.0,1090,8520,1.0,0,0,3,7,1090,0,1967,0,122040,52.5664,-114.497,1190,8520,3,61,190000
831,6762831056,42504,3,1.0,1150,8100,1.0,0,0,3,6,1150,0,1932,0,122056,52.724,-114.497,1120,8100,2,58,185000
832,6762831218,42504,3,1.0,1060,5200,1.0,0,0,5,6,1060,0,1970,0,122035,52.5936,-114.283,1380,5200,1,73,174950
833,6762810218,42505,5,4.25,6490,10862,2.0,0,3,4,11,3940,2550,1991,0,122057,52.8028,-114.395,3290,14080,2,65,2000000
834,6762810861,42505,4,3.0,5520,8313,2.0,0,3,3,9,3570,1950,2008,0,122027,52.7955,-114.319,3770,8278,3,54,1270000
835,6762812242,42505,3,2.0,2220,6641,1.0,0,2,4,7,1220,1000,1947,0,122032,52.8726,-114.578,1800,5900,3,56,875000
836,6762812363,42505,4,2.75,3280,24440,2.0,0,0,3,10,3280,0,1996,0,122037,52.9373,-114.26,3490,25138,1,66,862500
837,6762812942,42505,5,1.5,3360,5402,2.0,0,0,3,9,3360,0,2014,0,122019,52.8367,-114.243,3360,5415,3,77,804995
838,6762813034,42505,4,3.25,3120,5000,2.0,0,0,3,9,2370,750,2005,0,122006,52.92,-114.489,2520,6000,2,66,799000
839,6762813159,42505,3,2.0,2180,5440,1.0,0,0,5,7,1100,1080,1904,0,122028,52.887,-114.535,1470,4109,2,53,785000
840,6762813350,42505,4,2.5,2110,3750,2.0,0,0,3,8,2110,0,2000,0,122007,52.9089,-114.553,1700,5000,3,71,772000
841,6762813906,42505,4,2.5,3120,14300,2.0,0,0,3,9,3120,0,2003,0,122012,52.7618,-114.245,2580,10005,3,77,730100
842,6762813979,42505,5,2.75,2830,5310,2.0,0,0,3,9,2830,0,2006,0,122005,52.9374,-114.291,3150,6581,3,66,725000
843,6762814045,42505,3,2.0,2050,3933,1.0,0,0,3,8,1180,870,1926,2001,122047,52.8736,-114.493,1940,4000,1,55,724800
844,6762814071,42505,2,1.0,2020,7200,1.0,0,3,4,7,1700,320,1947,0,122052,52.736,-114.574,2020,7200,1,62,720000
845,6762814794,42505,5,2.5,3200,6455,2.0,0,0,3,9,3200,0,2009,0,122008,52.7746,-114.052,3290,7924,1,72,675000
846,6762815147,42505,5,3.25,3690,12353,2.0,0,0,5,9,3690,0,1977,0,122014,52.9972,-114.482,2290,9082,1,63,655000
847,6762815392,42505,4,2.5,3160,11380,2.0,0,0,3,9,3160,0,1983,0,122019,52.8618,-114.229,2970,10385,2,61,645000
848,6762815885,42505,3,2.25,1720,4000,1.5,0,0,4,7,1450,270,1921,0,122004,52.8983,-114.476,1410,4000,3,70,620000
849,6762815940,42505,3,2.5,2170,5000,2.0,0,0,3,9,2170,0,2003,0,122011,52.7758,-114.186,2170,5000,3,62,619500
850,6762815947,42505,3,2.5,2720,6439,2.0,0,0,3,9,2720,0,2005,0,122008,52.7722,-114.05,3180,7320,1,68,619000
851,6762816074,42505,3,2.5,2134,1984,2.5,0,0,3,8,2134,0,2008,0,122012,52.7702,-114.217,2170,1984,3,74,611000
852,6762816182,42505,2,1.0,910,3600,1.0,0,0,4,7,910,0,1909,0,122003,52.8641,-114.551,1720,3600,3,52,605000
853,6762816183,42505,3,2.25,1290,2500,2.0,0,0,4,8,1290,0,1987,0,122047,52.8529,-114.488,1700,3750,1,71,605000
854,6762817184,42505,3,2.25,1520,1221,3.0,0,0,3,8,1520,0,2013,0,122026,52.904,-114.567,1550,4750,3,73,565000
855,6762817554,42505,2,2.0,2260,9604,1.0,0,0,3,9,2260,0,1990,0,122017,53.0018,-114.398,2260,10747,2,63,551000
856,6762817939,42505,1,1.0,1140,6700,1.5,0,0,3,7,1140,0,1920,0,122028,52.9258,-114.547,1350,6700,3,67,540000
857,6762818557,42505,3,1.5,1260,3135,1.5,0,0,3,8,1260,0,1931,0,122009,52.8055,-114.578,1700,4180,3,62,523000
858,6762818563,42505,3,2.5,2370,7875,2.0,0,0,3,9,2370,0,2003,0,122008,52.7727,-114.053,2660,7752,1,58,522500
859,6762819076,42505,2,2.5,1310,1500,2.0,0,0,3,8,1160,150,2006,0,122044,52.8412,-114.499,1320,1581,1,61,500000
860,6762819466,42505,3,2.0,1450,2400,1.5,0,0,3,8,1450,0,1900,2003,122026,52.9026,-114.571,1450,4275,1,66,490000
861,6762819467,42505,2,1.0,1160,5000,1.0,0,0,4,8,1160,0,1937,0,122007,52.9165,-114.589,1750,5000,3,80,490000
862,6762819762,42505,4,2.5,2430,5000,2.0,0,0,3,7,2430,0,2009,0,122008,52.745,-114.063,2430,5441,1,79,480000
863,6762820751,42505,3,1.75,1560,4049,1.5,0,2,3,7,1000,560,1926,0,122064,52.7966,-114.565,1430,3738,2,54,451000
864,6762821033,42505,4,2.25,2270,7800,1.0,0,0,3,7,1290,980,1977,0,122033,52.9578,-114.382,1480,7280,1,59,446000
865,6762821054,42505,3,2.25,1990,7340,2.0,0,0,3,8,1990,0,1984,0,122021,52.9879,-114.331,2180,11223,3,59,445000
866,6762821055,42505,3,3.0,1970,24318,1.0,0,0,3,8,1970,0,2010,0,122058,52.9951,-114.436,2150,14695,2,64,445000
867,6762821391,42505,3,2.5,2320,36847,2.0,0,2,3,9,2320,0,1992,0,122025,52.7138,-113.904,2550,35065,1,65,437500
868,6762821565,42505,4,2.5,2280,7568,2.0,0,0,4,7,2280,0,2001,0,122053,52.7415,-114.384,2280,5312,1,67,433000
869,6762821634,42505,3,1.75,2150,4333,1.0,0,0,3,7,1200,950,1956,0,122016,52.7837,-114.578,1480,6500,2,70,430000
870,6762821837,42505,3,2.5,2670,13218,1.0,0,0,4,10,2670,0,1988,0,122035,52.5983,-114.343,1960,13130,1,55,425000
871,6762822563,42505,3,2.5,1800,5761,2.0,0,0,4,7,1800,0,1990,0,122034,52.7593,-114.553,1800,5952,2,72,408200
872,6762822796,42505,3,2.5,2740,83199,2.0,0,4,3,9,2740,0,1973,0,122066,52.5881,-114.456,2500,29269,3,76,400000
873,6762823460,42505,3,1.75,1180,10541,1.0,0,0,4,7,940,240,1981,0,122019,52.8648,-114.222,1230,10879,1,65,385000
874,6762823718,42505,3,3.25,1860,1787,3.0,0,0,3,8,1860,0,2007,0,122014,52.9863,-114.506,1830,1787,3,68,379950
875,6762823794,42505,3,2.25,1410,1377,2.0,0,0,3,7,1290,120,2005,0,122012,52.7642,-114.257,1445,1370,1,60,377500
876,6762823827,42505,3,1.5,1100,1751,2.0,0,0,3,8,940,160,2007,0,122054,52.8227,-114.496,1380,1751,3,54,375000
877,6762823828,42505,4,2.5,2790,7956,2.0,0,0,3,9,2790,0,2005,0,122043,52.5981,-114.5,1660,8192,1,73,375000
878,6762824051,42505,4,1.5,1370,9957,1.0,0,0,3,7,900,470,1972,0,122033,52.9537,-114.371,1510,8088,3,58,370000
879,6762824345,42505,3,1.75,1726,197326,2.0,0,0,4,7,1726,0,1982,0,122069,52.5784,-114.695,2114,99316,2,72,363750
880,6762824836,42505,1,1.0,700,5100,1.0,0,0,3,7,700,0,1942,0,122006,52.909,-114.49,1010,5100,2,71,350000
881,6762824837,42505,4,2.5,2440,4000,2.0,0,0,3,7,2440,0,2009,0,122024,52.6141,-114.226,2410,4502,2,69,350000
882,6762825134,42505,4,1.0,1980,7991,1.5,0,0,3,7,1980,0,1962,0,122046,52.6904,-114.36,1730,7700,1,62,345000
883,6762825273,42505,3,1.0,1260,6826,1.0,0,0,3,6,720,540,1944,0,122022,52.961,-114.493,1300,6826,3,50,342000
884,6762825298,42505,3,2.5,1480,1663,2.0,0,0,3,9,1180,300,2012,0,122064,52.7743,-114.565,1380,1537,2,77,341000
885,6762825315,42505,3,1.0,1250,4800,1.0,0,0,4,7,1250,0,1951,0,122064,52.7817,-114.571,1404,4800,1,67,340000
886,6762825750,42505,3,1.5,1170,4950,1.0,0,0,4,7,1170,0,1960,0,122030,52.8357,-114.325,1570,7700,2,79,330000
887,6762826419,42505,3,2.0,1760,11410,1.0,0,0,5,7,1060,700,1977,0,122046,52.6828,-114.353,1680,9165,2,50,317000
888,6762826587,42505,4,2.5,2340,8990,2.0,0,0,3,8,2340,0,2003,0,122024,52.6081,-114.22,2980,6718,3,70,314000
889,6762826853,42505,3,2.25,2060,38377,1.0,0,0,4,8,1560,500,1978,0,122040,52.5052,-114.509,2080,60513,3,60,306500
890,6762826861,42505,3,2.5,1870,5874,2.0,0,0,3,7,1870,0,2005,0,122035,52.6292,-114.353,2090,4060,1,64,306000
891,6762827872,42505,2,1.0,830,6017,1.0,0,0,4,6,830,0,1954,0,122038,52.9766,-114.524,1340,6040,2,63,282613
892,6762828166,42505,3,2.5,1480,15639,2.0,0,0,3,8,1480,0,1987,0,122025,52.7023,-113.936,1480,16454,2,70,275000
893,6762829098,42505,4,2.0,1510,4235,1.0,0,0,3,7,1510,0,1955,0,122059,52.776,-114.483,1510,4268,2,66,254000
894,6762829136,42505,2,1.5,1070,9643,1.0,0,0,3,7,1070,0,1985,0,122065,52.5833,-114.356,1220,8386,2,69,252700
895,6762829193,42505,3,2.0,1900,6660,1.0,0,0,5,7,950,950,1966,0,122024,52.5894,-114.244,1690,8111,3,52,250000
896,6762829349,42505,3,2.25,1440,7673,1.0,0,0,3,7,940,500,1982,0,122067,52.6334,-114.368,1440,8418,3,65,249000
897,6762829382,42505,4,3.5,1850,6519,2.0,0,0,3,7,1130,720,1986,0,122018,52.5387,-114.544,1280,6664,3,69,248000
898,6762829458,42505,2,1.0,870,6150,1.0,0,0,3,6,870,0,1941,0,122034,52.7556,-114.537,1120,6150,1,65,245000
899,6762829459,42505,4,1.0,1530,7200,1.5,0,0,3,7,1400,130,1948,0,122063,52.7315,-114.452,1530,7200,1,61,245000
900,6762829700,42505,5,1.0,1460,6032,2.0,0,0,4,6,1460,0,1941,0,122056,52.717,-114.472,1060,10300,2,75,239950
